1669 2545
0 770 31 795 10

0 1065 29 1090 15

0 1362 29 1386 20

60 111 122 145 La.
141 114 218 155 197,
234 115 408 155 21—198‚
423 115 468 146 24
581 109 898 145 CONSTITVTIO
1187 111 1252 145 BP
1329 113 1408 153 161

61 219 208 261 urbem
234 220 465 274 pertinebit
491 233 567 261 nec
593 221 738 259 uenire
764 220 838 259 aut
865 218 1095 260 abalienari
1115 235 1138 260 a
1164 220 1337 274 publico
1363 221 1410 261 li-

60 277 182 320 cebit.
228 279 270 320 id
296 284 470 320 DATVM
496 285 547 319 IN
574 283 809 318 TVTELAM
837 277 841 332 Ι
871 284 1170 319 TERfflToRio
1205 279 1410 320 adscribe-

59 352 166 390 mus,
192 338 300 379 sicut
327 338 457 379 siluas
484 340 526 378 et
552 351 709 391 pascua
737 336 919 390 publica.
960 336 1048 392 (fig.
1073 338 1187 393 125.)

119 395 240 445 Quod
276 397 415 438 ordini
451 396 642 438 coloniae
678 396 822 436 datum
859 396 1004 449 fuerit,
1041 397 1329 438 adscribemus
1364 399 1409 439 in

58 456 196 496 forma
225 462 367 497 SILVA
393 463 454 497 ET
481 461 686 505 PASCVA,
720 458 768 495 ut
794 458 898 509 puta
924 461 1295 506 SEMPRONIANA,
1329 463 1411 497 ITA

58 521 122 555 VT
155 521 386 556 FVERVNT
414 521 696 556 ADSIGNATA
729 521 1047 555 IVLIENSIBVS.
1093 530 1142 557 ex
1176 515 1255 557 hoe
1283 530 1411 570 appa-

57 574 168 615 rebit
192 574 296 615 haec
321 574 374 616 ad
401 574 592 615 ordinem
619 574 840 627 pertinere.
881 573 969 629 (fig.
994 574 1107 629 126.)

116 632 264 688 Aeque
298 633 418 675 lucus
454 636 527 674 aut
562 633 655 674 loca
690 647 808 674 sacra
843 636 915 673 aut
951 633 1073 675 aedes
1111 634 1267 688 quibus
1304 634 1409 675 locis

56 692 225 746 fuerint,
252 707 450 734 mensura
475 692 883 747 conprehendemus7
911 695 953 733 et
981 692 1172 734 locorum
1200 693 1410 735 uocabula

57 752 349 803 inscribemus.
389 767 475 794 non
507 753 707 807 exiguum
734 751 963 792 uetustatis
991 751 1098 793 solet
1132 766 1220 793 esse
1254 753 1408 793 instru-

58 813 267 864 mentum,
305 812 341 852 si
375 811 566 852 locorum
599 811 833 866 insignium
874 825 1094 852 mensurae
1128 815 1169 853 et
1200 812 1409 853 uocabula

58 871 164 912 aeris
191 870 543 925 inscriptionibus
570 872 778 912 constent.
817 869 907 926 (fig.
932 868 1047 925 127.)

117 928 248 983 Siqua
268 931 385 986 regio
407 930 451 971 in
471 930 740 971 extremitate
760 929 918 970 limites
938 944 1025 971 non
1045 930 1267 984 acceperit,
1285 929 1288 985 Ι
1313 944 1407 971 eum

56 988 197 1030 locum
218 992 440 1030 uacantem
465 989 801 1044 significabimus
821 988 901 1029 hac
927 989 1227 1042 inscriptione:
1254 995 1408 1030 LOCVS

56 1055 220 1088 EXTRA
235 1054 425 1090 CLVSVS.
453 1051 494 1089 et
514 1049 825 1089 extremitatem
844 1048 994 1089 deinde
1014 1048 1207 1090 terminis
1228 1049 1407 1103 lapideis

56 1106 354 1163 obligabimus,
369 1108 621 1162 interposito
637 1108 843 1161 ampliore
862 1108 1012 1161 spatio,
1031 1111 1070 1149 et
1086 1109 1168 1149 aris
1191 1108 1407 1162 inscriptis

55 1167 287 1208 conditoris
313 1168 485 1208 nomine
505 1170 548 1208 et
568 1167 759 1209 coloniae
786 1167 954 1208 finibus.
986 1166 989 1221 Ι
1020 1165 1109 1222 (fig.
1134 1166 1246 1223 128.)
1287 1170 1405 1209 extra

55 1225 171 1267 clusa
196 1227 314 1282 regio
341 1226 448 1280 ideo,
475 1226 588 1280 quod
614 1226 726 1267 ultra
751 1226 911 1267 limites
932 1226 1114 1267 finitima
1138 1226 1251 1268 linea
1279 1227 1407 1268 cludi-

56 1287 136 1325 tur.
179 1286 292 1326 linea
319 1288 459 1327 autem
486 1287 669 1327 finitima
697 1286 731 1326 si
763 1286 978 1327 limitibus
1006 1285 1295 1340 conprehensa
1322 1301 1407 1328 non

55 1344 196 1399 fuerit,
216 1345 427 1399 optimum
450 1345 531 1386 erit
551 1345 864 1386 extremitatem
881 1345 931 1385 ad
952 1345 1257 1386 ferramentum
1278 1346 1406 1386 rectis

55 1403 222 1459 angulis
249 1403 439 1459 obligare
466 1407 507 1445 et
537 1405 595 1445 sic
629 1405 834 1445 terminos
868 1419 1036 1458 ponere.
1076 1403 1166 1460 (fig.
1191 1403 1306 1460 129.)
1337 1403 1342 1460 Ι
1372 1406 1406 1446 si

54 1463 184 1504 fuerit
216 1477 336 1504 mons
368 1478 492 1518 asper
527 1467 568 1505 et
600 1463 897 1519 confragosus,
934 1479 1008 1517 per
1040 1464 1231 1520 singulas
1264 1467 1405 1517 petras

53 1522 257 1563 finitimas
284 1525 408 1563 notas
434 1522 700 1578 inlponemus
722 1526 763 1564 et
783 1523 856 1564 ubi
876 1524 1066 1577 potuerit
1086 1523 1405 1577 inscriptiones:

54 1581 114 1622 sic
140 1584 182 1622 et
207 1583 251 1623 in
276 1582 414 1623 forma
441 1582 791 1638 significabimus.
818 1582 1054 1636 [praeterea
1082 1583 1125 1623 in
1147 1581 1304 1635 Sicilia,
1331 1582 1405 1623 ubi

113 1717 226 1744 S—-12
253 1711 298 1754 cf.
325 1710 460 1755 Hygin.
485 1714 539 1753 77,
557 1714 705 1746 15—21.
739 1714 795 1754 80,
812 1714 893 1755 sssq.
936 1710 1005 1745 Sic.
1027 1711 1147 1745 Flacc.
1171 1714 1248 1753 127,
1266 1714 1403 1745 14-20

53 1764 162 1791 17-19
188 1758 354 1793 Frontin.
376 1762 407 1802 3,
424 1762 561 1792 14-15

111 1848 127 1874 1
154 1840 281 1875 uenire
307 1841 348 1887 P]
378 1840 492 1875 biniri
518 1844 543 1874 B
659 1848 676 1874 2
703 1841 742 1874 id
769 1841 898 1875 datum
925 1842 965 1886 P]
993 1841 1057 1875 sed
1084 1840 1172 1874 dum
1198 1843 1223 1873 B
1259 1843 1263 1885 Ι
1297 1841 1403 1874 terri-

53 1889 139 1922 torii
165 1891 191 1921 B
262 1895 335 1922 2—{3
362 1888 609 1922 adscribimus
636 1892 672 1929 Β,
700 1888 863 1922 adscribi
889 1892 914 1921 P
981 1895 1000 1921 3
1026 1887 1131 1923 siluis
1159 1891 1184 1920 B
1253 1895 1270 1921 4
1298 1888 1403 1929 Quod

54 1935 174 1969 ordini
197 1936 238 1981 P]
266 1935 345 1977 Quo
372 1936 528 1970 hordine
553 1939 578 1969 B
603 1939 606 1980 Ι
630 1936 876 1970 adscribimus
902 1939 928 1968 B
1002 1942 1074 1969 5-7
1095 1946 1236 1980 pascua
1261 1939 1403 1970 remota

53 1983 264 2026 sempronia
288 1985 330 2017 ut
356 1983 410 2017 ait
434 1983 556 2017 fuerat
583 1983 782 2028 adsignata
808 1983 934 2017 iuncte
962 1982 1091 2017 axibus
1119 1985 1156 2017 et
1182 1993 1225 2016 ex
1248 1983 1317 2018 hoc
1339 1993 1403 2027 ap-

53 2029 200 2074 parebit
224 2030 279 2063 ita
305 2032 342 2064 et
368 2030 495 2064 ordine
521 2031 707 2076 pertinere
733 2034 758 2064 B
845 2037 862 2064 8
889 2031 1016 2074 Aeque
1043 2031 1082 2076 P]
1110 2031 1163 2064 Ae
1190 2030 1303 2064 habet
1329 2033 1353 2063 Β

53 2084 70 2110 9
96 2088 305 2111 mensuram
332 2078 690 2122 conpraehendimus
716 2081 741 2111 Β
824 2085 860 2111 10
885 2077 1122 2112 inscribimus
1149 2081 1174 2111 B
1204 2080 1206 2119 Ι
1236 2079 1402 2111 uetusta—

53 2124 118 2158 tib.
133 2127 159 2157 B
221 2131 255 2158 11
274 2135 468 2159 mensurae
488 2129 591 2160 om.B
653 2133 689 2159 12
711 2137 812 2160 aeres
826 2128 851 2158 B
875 2129 878 2169 Ι
903 2127 1047 2160 constet
1066 2129 1092 2158 B
1154 2132 1190 2158 13
1210 2126 1247 2158 in
1267 2136 1332 2159 om.
1346 2128 1370 2157 B
1395 2126 1399 2170 Ι

54 2171 240 2215 acceperit
264 2172 305 2217 P]
332 2172 525 2216 adpeteres
552 2176 577 2206 B
660 2180 695 2206 14
722 2173 819 2207 hanc
844 2172 1098 2217 inscriptionis
1125 2175 1150 2205 B
1233 2179 1269 2206 15
1296 2174 1332 2206 et
1358 2173 1400 2218 B]

54 2230 118 2253 om.
133 2220 236 2253 PLa.
260 2221 264 2263 Ι
289 2219 422 2253 deinde
442 2220 482 2265 P]
503 2230 621 2263 eamq.
642 2223 668 2253 B
742 2227 778 2253 16
800 2220 973 2264 ampliori
991 2224 1017 2253 P
1040 2222 1044 2263 Ι
1068 2220 1161 2254 areis
1183 2223 1208 2252 B
1281 2226 1320 2253 18
1345 2219 1401 2252 ul-

53 2267 111 2299 tra
136 2266 177 2311 P]
204 2266 303 2300 intra
328 2269 365 2308 B,
391 2270 432 2301 ut
457 2268 497 2301 in
518 2268 700 2302 Frontino
722 2271 754 2310 3,
770 2271 814 2301 14
841 2271 869 2300 A
948 2274 984 2300 1⁹
1010 2278 1083 2300 non
1110 2278 1175 2301 om.
1197 2270 1222 2299 B
1303 2273 1337 2300 21
1365 2268 1401 2300 et

53 2314 105 2347 sic
131 2314 308 2348 terminos
334 2324 470 2358 ponere
497 2325 561 2348 om.
580 2318 606 2347 P
697 2321 735 2348 23
761 2314 973 2358 inponimus
1000 2317 1061 2347 AB
1154 2321 1286 2357 24—p.
1303 2320 1400 2355 162,1

52 2361 244 2404 praeterea
266 2382 307 2385 —-
330 2382 371 2385 —
394 2361 574 2405 asperitas
600 2364 656 2396 est
682 2373 747 2396 om.
769 2366 794 2395 P

125 2426 238 2456 Corpus
258 2427 418 2457 agrimens.
436 2427 560 2451 Roman.
581 2428 604 2451 1.
1120 2424 1159 2452 11

1436 284 1464 317 Β
1480 295 1529 319 ‘266

1435 402 1462 435 P
1477 408 1542 436 ιοοΓ

1436 934 1463 967 Β
1476 944 1525 969 267

1432 1171 1460 1205 P
1472 1178 1541 1206 100v

1433 1409 1464 1442 A
1478 1419 1525 1444 147

1432 1527 1461 1560 B
1474 1537 1523 1562 265
