1669 2545
99 76 473 118 La.162‚15—163‚12
526 75 588 110 DE
609 74 980 111 CONDICIONIBVS
1000 72 1109 110 ΑΘΗ.
1256 76 1283 110 Ρ
1363 77 1440 118 127

98 185 143 225 111
167 184 308 226 locum
336 187 637 227 successerunt.
678 184 791 238 quod
822 188 964 226 tamen
996 185 1073 226 hac
1101 185 1340 239 suspicione
1366 200 1443 226 nos

98 244 339 286 inuenimus
373 245 431 286 sic
457 246 615 297 <esse>.
661 258 755 285 cum
785 243 881 284 data
914 245 1129 299 assignata
1161 259 1239 285 nos
1274 258 1441 299 compu*

97 307 283 345 taremus
309 306 352 345 et
377 303 626 345 excederent
653 303 866 344 centuriae
893 303 1079 358 modum,
1106 303 1264 345 reuersi
1290 304 1343 344 ad
1364 304 1443 345 ori›

97 363 238 418 ginem
276 363 457 417 primam
490 361 791 417 assignationis
824 362 1064 403 inuenimus
1100 365 1249 417 postea
1282 364 1443 404 adiecta

56 439 70 462 ς.
98 437 187 464 esse
207 423 381 464 nomina
400 422 444 463 in
464 421 543 463 hac
565 421 823 471 condicione,
850 436 932 475 qua
954 437 1079 476 supra
1101 422 1264 476 opinati
1285 436 1442 463 sumus.

38 741 69 765 10

36 1042 68 1066 15

35 1338 66 1362 ΞΟ

35 1633 67 1658 25

158 484 490 529 Subseciuorum
523 487 683 528 mentio
721 487 948 540 repetenda
984 490 1058 528 est.
1104 490 1297 528 auctores
1332 488 1440 528 enini

98 547 321 588 diuisionis
348 546 735 601 assignationisque
761 545 989 599 aliquando
1011 546 1234 587 subseciua
1260 546 1442 599 re<bu>s

96 606 280 660 publicis
314 605 577 647 coloniarum
610 608 925 647 concesserunt:
965 606 1192 660 aliquando
1226 606 1267 646 111
1302 606 1442 646 condi-

98 665 218 706 cione
244 666 416 706 illorum
443 667 748 706 remanserunt.
788 679 894 718 quae
923 665 1105 719 quidam,
1132 665 1173 706 id
1201 668 1264 706 est
1290 664 1443 719 coloni,

96 724 178 764 sibi
216 725 371 765 donata
409 724 706 777 uendiderunt,
745 724 876 778 aliqui
915 724 1197 779 uectigalibus
1235 725 1442 778 proximis

96 783 333 838 quibusque
366 783 698 838 adscripserunt,
734 783 805 825 alii
840 798 914 837 per
946 785 1115 838 singula
1144 784 1279 825 lustra
1304 783 1442 824 locare

95 841 210 883 soliti
231 858 306 897 per
327 844 542 897 mancipes
568 843 727 884 reditus
755 843 1008 897 percipiunt,
1035 843 1107 884 alii
1135 843 1177 883 in
1204 842 1346 897 plures
1373 858 1442 883 an-

94 916 182 943 nos.
222 916 329 955 quae
356 917 406 943 ex
433 903 721 943 monumentis
747 902 932 956 publicis
959 903 1159 958 cognosci
1185 905 1375 956 possunt.

155 966 345 1022 Collegia
377 968 644 1009 sacerdotum
681 968 865 1022 itemque
896 968 1084 1023 uirgines
1120 968 1281 1008 habent
1316 982 1442 1023 agros

96 1028 137 1068 et
162 1027 380 1069 territoria
401 1027 605 1080 quaedam
633 1027 759 1068 etiam
781 1027 1061 1069 determinata
1081 1030 1122 1068 et
1142 1027 1347 1081 quaedam
1370 1028 1441 1067 ali-

95 1086 249 1139 quibus
276 1086 404 1127 sacris
426 1087 628 1141 dedicata,
655 1086 698 1126 in
725 1087 784 1127 eis
813 1087 940 1127 etiam
963 1088 1094 1141 lucos,
1122 1087 1164 1127 111
1187 1086 1440 1140 quibusdam

95 1146 222 1186 etiam
243 1145 365 1186 aedes
392 1147 644 1200 templaque.
674 1161 778 1200 quos
800 1160 924 1201 agros
947 1161 1105 1201 quasue
1129 1146 1441 1187 territoriorum

94 1204 251 1246 formas
294 1205 551 1259 aliquotiens
591 1205 875 1259 comperimus
914 1206 1113 1249 extremis
1152 1205 1307 1246 finibus
1347 1220 1442 1246 con·

93 1263 323 1318 prehensas
350 1265 440 1306 sine
466 1266 552 1306 ulla
579 1265 807 1306 mensurali
837 1266 968 1319 linea,
1001 1266 1173 1306 modum
1207 1268 1348 1306 tamen
1381 1265 1440 1305 in-

93 1337 184 1364 esse
211 1324 428 1377 scriptum.

152 1381 374 1424 Praeterea
401 1397 495 1424 cum
522 1398 574 1425 ex
602 1382 607 1439 Ι
636 1383 730 1425 aliis
756 1384 981 1425 territoriis
1009 1399 1109 1439 ager
1141 1387 1337 1438 sumptus
1365 1387 1439 1436 est,

93 1444 135 1482 et
161 1441 381 1483 subseciua
407 1445 448 1484 et
475 1457 633 1483 uacuae
660 1444 887 1497 centuriae,
914 1458 1020 1498 quae
1043 1444 1087 1484 in
1107 1444 1439 1498 assignationem

93 1515 179 1541 non
204 1501 460 1556 ceciderant,
492 1502 680 1544 redditae
708 1504 806 1543 sunt
834 1503 911 1556 eis,
939 1518 989 1544 ex
1017 1517 1196 1557 quorum
1225 1502 1439 1544 territorio

93 1561 183 1615 agri
201 1561 360 1615 sumpti
378 1564 508 1602 erant.
537 1576 643 1616 quae
664 1564 706 1604 et
726 1561 808 1616 ipsi
829 1565 902 1602 aut
921 1562 1204 1604 uendiderunt
1222 1564 1294 1603 aut
1312 1563 1440 1602 uecti-

93 1619 261 1674 galibus
279 1620 471 1662 subiecta
488 1621 746 1676 habuerunt3
768 1623 879 1662 sicut
896 1625 937 1662 et
954 1621 1133 1663 aliarum
1149 1635 1289 1662 rerum
1304 1620 1440 1675 publi-

93 1693 233 1720 carum
276 1681 575 1735 comperimus,
614 1684 662 1721 ut
700 1695 826 1734 supra
864 1681 1304 1723 commemorauimus.
1355 1695 1440 1721 non

93 1739 203 1779 enim
238 1739 374 1780 omnis
407 1754 508 1795 ager
539 1740 801 1782 centuriatus
834 1740 877 1780 in
914 1741 1245 1796 assignationem
1279 1739 1440 1793 cecidit,

93 1797 163 1838 sed
190 1800 231 1839 et
257 1799 392 1840 multa
418 1813 551 1840 uacua
576 1799 723 1840 relicta
751 1802 861 1841 sunt.
900 1815 1073 1853 quorum
1096 1815 1144 1841 ea
1164 1799 1354 1840 condicio
1377 1804 1440 1840 est

151 1932 255 1959 6--13
282 1925 416 1970 Hygin.
439 1930 494 1969 96,
514 1931 651 1961 11—20
760 1935 897 1961 14-——20
922 1928 1059 1973 Hygin.
1083 1932 1138 1971 80,
1155 1932 1267 1962 7——11
1297 1930 1354 1972 (cf.
1385 1931 1438 1971 77,

95 1974 245 2016 15—21)
336 1980 372 2007 19
397 1975 442 2017 cf.
465 1978 521 2018 77,
538 1978 579 2008 19
606 1976 855 2019 geometricae
882 1976 1141 2010 exercitationi
1168 1975 1381 2009 subducunt

93 2026 214 2053 21—‘34
241 2019 376 2064 Hygin.
397 2024 454 2064 80,
468 2025 618 2065 23—81,
632 2026 653 2056 4
751 2030 876 2056 24—2‘5
903 2036 938 2058 u.
960 2027 1073 2057 9—11

151 2144 169 2170 3
194 2138 330 2171 reuerti
356 2142 381 2171 P
489 2146 507 2172 G
539 2140 636 2174 enim
665 2142 783 2187 Goes]
811 2143 919 2175 finem
946 2145 970 2174 P
1082 2148 1171 2175 7-8
1204 2152 1260 2175 res
1287 2140 1435 2185 publica

92 2188 117 2217 P
207 2192 226 2217 9
253 2184 306 2230 [id
333 2186 393 2233 est?
414 2186 550 2233 coloni]
578 2189 647 2223 La.
740 2196 775 2222 12
802 2188 939 2223 reditos
966 2192 991 2221 P
1079 2196 1114 2221 14
1141 2188 1320 2233 itemque]
1348 2188 1436 2222 item

92 2243 183 2275 quos
209 2235 234 2264 P
315 2239 351 2265 18
376 2233 526 2279 finibus]
553 2236 580 2279 A}
607 2237 642 2280 (ι’.
664 2247 690 2270 e.
712 2236 817 2280 alibi)
843 2236 951 2270 lineis
977 2247 1101 2280 maryo
1127 2240 1152 2268 P
1234 2242 1358 2268 19—20
1384 2235 1437 2268 111-

92 2290 171 2313 esse
190 2290 236 2314 se.
258 2278 396 2322 formis⁷
423 2282 467 2324 cf.
490 2282 629 2327 Hyym.
643 2286 702 2325 30,
716 2284 849 2328 8—10]
873 2284 1040 2325 ‘sortasse
1060 2283 1097 2316 in
1120 2294 1180 2317 aes
1201 2283 1259 2317 uel
1279 2282 1316 2316 in
1338 2283 1435 2316 aere*

91 2328 232 2370 frustra
261 2327 327 2361 La.
426 2334 464 2361 25
491 2328 697 2364 subiectum
725 2334 749 2363 P
846 2337 884 2363 28
911 2341 1067 2373 quarum
1095 2334 1119 2363 P

1467 1390 1494 1424 P
1507 1396 1558 1424 ων
