<?xml version="1.0" encoding="UTF-8"?>
<!DOCTYPE html PUBLIC "-//W3C//DTD XHTML 1.0 Transitional//EN"
    "http://www.w3.org/TR/xhtml1/DTD/xhtml1-transitional.dtd">
<html xmlns="http://www.w3.org/1999/xhtml" xml:lang="en" lang="en">
 <head>
  <title>
</title>
<meta http-equiv="Content-Type" content="text/html;charset=utf-8" />
  <meta name='ocr-system' content='tesseract 3.04.00' />
  <meta name='ocr-capabilities' content='ocr_page ocr_carea ocr_par ocr_line ocrx_word'/>
</head>
<body>
  <div class='ocr_page' id='page_1' title='image "./corpusagrimensor01thuluoft_0052.png"; bbox 0 0 1669 2545; ppageno 0'>
   <div class='ocr_carea' id='block_1_1' title="bbox 98 198 175 234">
    <p class='ocr_par' dir='ltr' id='par_1_1' title="bbox 98 198 175 234">
     <span class='ocr_line' id='line_1_1' title="bbox 98 198 175 234; baseline 0 -1"><span class='ocrx_word' id='word_1_1' title='bbox 98 198 175 234; x_wconf 73' lang='lat'>1314</span> 
     </span>
    </p>
   </div>
   <div class='ocr_carea' id='block_1_2' title="bbox 78 318 175 352">
    <p class='ocr_par' dir='ltr' id='par_1_2' title="bbox 78 318 175 352">
     <span class='ocr_line' id='line_1_2' title="bbox 78 318 175 352; baseline 0.01 -1"><span class='ocrx_word' id='word_1_2' title='bbox 78 318 110 351; x_wconf 99' lang='lat' dir='ltr'>A</span> <span class='ocrx_word' id='word_1_3' title='bbox 126 328 175 352; x_wconf 81' lang='lat'>169</span> 
     </span>
    </p>
   </div>
   <div class='ocr_carea' id='block_1_3' title="bbox 101 789 177 825">
    <p class='ocr_par' dir='ltr' id='par_1_3' title="bbox 101 789 177 825">
     <span class='ocr_line' id='line_1_3' title="bbox 101 789 177 825; baseline 0.013 -1"><span class='ocrx_word' id='word_1_4' title='bbox 101 789 177 825; x_wconf 66' lang='lat' dir='ltr'>Bis</span> 
     </span>
    </p>
   </div>
   <div class='ocr_carea' id='block_1_4' title="bbox 80 1145 176 1180">
    <p class='ocr_par' dir='ltr' id='par_1_4' title="bbox 80 1145 176 1180">
     <span class='ocr_line' id='line_1_4' title="bbox 80 1145 176 1180; baseline -0.01 0"><span class='ocrx_word' id='word_1_5' title='bbox 80 1145 109 1180; x_wconf 94' lang='lat' dir='ltr'>A</span> <span class='ocrx_word' id='word_1_6' title='bbox 127 1156 176 1180; x_wconf 75' lang='lat'>170</span> 
     </span>
    </p>
   </div>
   <div class='ocr_carea' id='block_1_5' title="bbox 100 1322 176 1359">
    <p class='ocr_par' dir='ltr' id='par_1_5' title="bbox 100 1322 176 1359">
     <span class='ocr_line' id='line_1_5' title="bbox 100 1322 176 1359; baseline 0.039 -3"><span class='ocrx_word' id='word_1_7' title='bbox 100 1322 176 1359; x_wconf 71' lang='lat'>131⁶</span> 
     </span>
    </p>
   </div>
   <div class='ocr_carea' id='block_1_6' title="bbox 202 83 1548 129">
    <p class='ocr_par' dir='ltr' id='par_1_6' title="bbox 202 83 1548 129">
     <span class='ocr_line' id='line_1_6' title="bbox 202 83 1548 129; baseline -0.001 -9"><span class='ocrx_word' id='word_1_8' title='bbox 202 88 259 127; x_wconf 73' lang='grc'>42</span> <span class='ocrx_word' id='word_1_9' title='bbox 333 87 400 120; x_wconf 87' lang='grc' dir='ltr'>ΑΒ</span> <span class='ocrx_word' id='word_1_10' title='bbox 695 83 881 119; x_wconf 82' lang='lat' dir='ltr'>AGENNI</span> <span class='ocrx_word' id='word_1_11' title='bbox 902 84 1061 118; x_wconf 85' lang='lat' dir='ltr'>VRBICI</span> <span class='ocrx_word' id='word_1_12' title='bbox 1206 85 1268 119; x_wconf 82' lang='lat' dir='ltr'>La.</span> <span class='ocrx_word' id='word_1_13' title='bbox 1281 88 1336 127; x_wconf 83' lang='lat'>82,</span> <span class='ocrx_word' id='word_1_14' title='bbox 1349 89 1368 119; x_wconf 86' lang='lat'>5</span> <span class='ocrx_word' id='word_1_15' title='bbox 1381 103 1425 115; x_wconf 95' lang='lat'><strong><em>=</em></strong></span> <span class='ocrx_word' id='word_1_16' title='bbox 1436 89 1495 129; x_wconf 81' lang='lat'>49,</span> <span class='ocrx_word' id='word_1_17' title='bbox 1506 89 1548 120; x_wconf 84' lang='lat'>17</span> 
     </span>
    </p>
   </div>
   <div class='ocr_carea' id='block_1_7' title="bbox 200 191 1552 1017">
    <p class='ocr_par' dir='ltr' id='par_1_7' title="bbox 200 191 1552 1017">
     <span class='ocr_line' id='line_1_7' title="bbox 262 191 1550 249; baseline -0.001 -14"><span class='ocrx_word' id='word_1_18' title='bbox 262 194 376 235; x_wconf 80' lang='lat' dir='ltr'>Haec</span> <span class='ocrx_word' id='word_1_19' title='bbox 421 191 724 249; x_wconf 73' lang='lat' dir='ltr'>controuerlsia</span> <span class='ocrx_word' id='word_1_20' title='bbox 768 207 1001 246; x_wconf 84' lang='lat' dir='ltr'>numquam</span> <span class='ocrx_word' id='word_1_21' title='bbox 1040 208 1064 234; x_wconf 82' lang='lat' dir='ltr'>a</span> <span class='ocrx_word' id='word_1_22' title='bbox 1101 193 1282 247; x_wconf 85' lang='lat' dir='ltr'>priuatis</span> <span class='ocrx_word' id='word_1_23' title='bbox 1321 196 1550 236; x_wconf 84' lang='lat' dir='ltr'>exercetur.</span> 
     </span>
     <span class='ocr_line' id='line_1_8' title="bbox 203 251 1552 354; baseline -0.001 0"><span class='ocrx_word' id='word_1_24' title='bbox 203 253 219 310; x_wconf 69' lang='lat'><strong>(</strong></span> <span class='ocrx_word' id='word_1_25' title='bbox 263 313 330 354; x_wconf 87' lang='lat' dir='ltr'>De</span> <span class='ocrx_word' id='word_1_26' title='bbox 363 251 627 353; x_wconf 70' lang='lat' dir='ltr'>a)lluuione</span> <span class='ocrx_word' id='word_1_27' title='bbox 661 318 914 352; x_wconf 77' lang='lat' dir='ltr'>controuersia</span> <span class='ocrx_word' id='word_1_28' title='bbox 945 320 999 352; x_wconf 81' lang='lat' dir='ltr'>est</span> <span class='ocrx_word' id='word_1_29' title='bbox 1032 320 1150 352; x_wconf 81' lang='lat' dir='ltr'>status</span> <span class='ocrx_word' id='word_1_30' title='bbox 1180 318 1358 353; x_wconf 84' lang='lat' dir='ltr'>effectiui:</span> <span class='ocrx_word' id='word_1_31' title='bbox 1392 318 1552 352; x_wconf 84' lang='lat' dir='ltr'>efficitur</span> 
     </span>
     <span class='ocr_line' id='line_1_9' title="bbox 200 370 1552 422; baseline 0 -10"><span class='ocrx_word' id='word_1_32' title='bbox 200 380 300 421; x_wconf 84' lang='lat' dir='ltr'>enim</span> <span class='ocrx_word' id='word_1_33' title='bbox 327 376 483 412; x_wconf 72' lang='lat' dir='ltr'>subinde</span> <span class='ocrx_word' id='word_1_34' title='bbox 511 381 544 411; x_wconf 79' lang='lat' dir='ltr'>et</span> <span class='ocrx_word' id='word_1_35' title='bbox 572 389 638 422; x_wconf 88' lang='lat' dir='ltr'>per</span> <span class='ocrx_word' id='word_1_36' title='bbox 663 380 834 422; x_wconf 79' lang='lat' dir='ltr'>tempora</span> <span class='ocrx_word' id='word_1_37' title='bbox 859 379 1033 412; x_wconf 81' lang='lat' dir='ltr'>mutatur,</span> <span class='ocrx_word' id='word_1_38' title='bbox 1080 370 1124 411; x_wconf 84' lang='lat' dir='ltr'>in</span> <span class='ocrx_word' id='word_1_39' title='bbox 1150 371 1228 411; x_wconf 79' lang='lat' dir='ltr'>hac</span> <span class='ocrx_word' id='word_1_40' title='bbox 1262 370 1552 412; x_wconf 76' lang='lat' dir='ltr'>controuersia</span> 
     </span>
     <span class='ocr_line' id='line_1_10' title="bbox 203 429 1550 485; baseline -0.001 -14"><span class='ocrx_word' id='word_1_41' title='bbox 203 431 433 485; x_wconf 86' lang='lat' dir='ltr'>plurimum</span> <span class='ocrx_word' id='word_1_42' title='bbox 462 430 545 471; x_wconf 91' lang='lat' dir='ltr'>sibi</span> <span class='ocrx_word' id='word_1_43' title='bbox 571 430 760 470; x_wconf 81' lang='lat' dir='ltr'>uindicat</span> <span class='ocrx_word' id='word_1_44' title='bbox 785 430 850 470; x_wconf 86' lang='lat' dir='ltr'>ius</span> <span class='ocrx_word' id='word_1_45' title='bbox 878 429 1149 471; x_wconf 82' lang='lat' dir='ltr'>ordinarium.</span> <span class='ocrx_word' id='word_1_46' title='bbox 1193 431 1335 484; x_wconf 82' lang='lat' dir='ltr'>agitur</span> <span class='ocrx_word' id='word_1_47' title='bbox 1361 429 1473 471; x_wconf 90' lang='lat' dir='ltr'>enim</span> <span class='ocrx_word' id='word_1_48' title='bbox 1500 429 1550 470; x_wconf 90' lang='lat' dir='ltr'>de</span> 
     </span>
     <span class='ocr_line' id='line_1_11' title="bbox 203 488 1551 543; baseline -0.001 -12"><span class='ocrx_word' id='word_1_49' title='bbox 203 505 251 531; x_wconf 92' lang='lat' dir='ltr'>eo</span> <span class='ocrx_word' id='word_1_50' title='bbox 278 490 369 531; x_wconf 84' lang='lat' dir='ltr'>solo</span> <span class='ocrx_word' id='word_1_51' title='bbox 397 489 511 543; x_wconf 86' lang='lat' dir='ltr'>quod</span> <span class='ocrx_word' id='word_1_52' title='bbox 542 491 675 530; x_wconf 81' lang='lat' dir='ltr'>alluat</span> <span class='ocrx_word' id='word_1_53' title='bbox 707 489 883 543; x_wconf 82' lang='lat' dir='ltr'>fiumen,</span> <span class='ocrx_word' id='word_1_54' title='bbox 916 492 958 530; x_wconf 90' lang='lat' dir='ltr'>et</span> <span class='ocrx_word' id='word_1_55' title='bbox 990 489 1166 530; x_wconf 87' lang='lat' dir='ltr'>subtiles</span> <span class='ocrx_word' id='word_1_56' title='bbox 1198 490 1311 530; x_wconf 88' lang='lat' dir='ltr'>intro</span> <span class='ocrx_word' id='word_1_57' title='bbox 1339 488 1551 530; x_wconf 89' lang='lat' dir='ltr'>ducuntur</span> 
     </span>
     <span class='ocr_line' id='line_1_12' title="bbox 204 548 1551 603; baseline -0.001 -14"><span class='ocrx_word' id='word_1_58' title='bbox 204 550 491 603; x_wconf 67' lang='lat' dir='ltr'>quaestiones,</span> <span class='ocrx_word' id='word_1_59' title='bbox 522 563 575 588; x_wconf 83' lang='lat' dir='ltr'>an</span> <span class='ocrx_word' id='word_1_60' title='bbox 608 549 659 588; x_wconf 85' lang='lat' dir='ltr'>ad</span> <span class='ocrx_word' id='word_1_61' title='bbox 686 563 781 589; x_wconf 92' lang='lat' dir='ltr'>eum</span> <span class='ocrx_word' id='word_1_62' title='bbox 811 549 1022 602; x_wconf 85' lang='lat' dir='ltr'>pertinere</span> <span class='ocrx_word' id='word_1_63' title='bbox 1050 548 1217 602; x_wconf 75' lang='lat' dir='ltr'>debeat,</span> <span class='ocrx_word' id='word_1_64' title='bbox 1249 548 1315 588; x_wconf 89' lang='lat' dir='ltr'>cui</span> <span class='ocrx_word' id='word_1_65' title='bbox 1350 548 1394 588; x_wconf 91' lang='lat' dir='ltr'>in</span> <span class='ocrx_word' id='word_1_66' title='bbox 1418 548 1551 589; x_wconf 80' lang='lat' dir='ltr'>altera</span> 
     </span>
     <span class='ocr_line' id='line_1_13' title="bbox 203 606 1551 662; baseline -0.001 -13"><span class='ocrx_word' id='word_1_67' title='bbox 203 609 295 662; x_wconf 83' lang='lat' dir='ltr'>ripa</span> <span class='ocrx_word' id='word_1_68' title='bbox 326 608 545 649; x_wconf 71' lang='lat' dir='ltr'>recedente</span> <span class='ocrx_word' id='word_1_69' title='bbox 577 622 687 661; x_wconf 83' lang='lat' dir='ltr'>aqua</span> <span class='ocrx_word' id='word_1_70' title='bbox 719 607 857 648; x_wconf 88' lang='lat' dir='ltr'>solum</span> <span class='ocrx_word' id='word_1_71' title='bbox 891 608 1040 661; x_wconf 80' lang='lat' dir='ltr'>creuit3</span> <span class='ocrx_word' id='word_1_72' title='bbox 1074 607 1146 648; x_wconf 86' lang='lat' dir='ltr'>hic</span> <span class='ocrx_word' id='word_1_73' title='bbox 1171 609 1244 661; x_wconf 88' lang='lat' dir='ltr'>qui</span> <span class='ocrx_word' id='word_1_74' title='bbox 1271 606 1434 660; x_wconf 85' lang='lat' dir='ltr'>aliquid</span> <span class='ocrx_word' id='word_1_75' title='bbox 1459 608 1551 662; x_wconf 84' lang='lat' dir='ltr'>agri</span> 
     </span>
     <span class='ocr_line' id='line_1_14' title="bbox 204 666 1550 720; baseline -0.002 -11"><span class='ocrx_word' id='word_1_76' title='bbox 204 667 267 709; x_wconf 88' lang='lat' dir='ltr'>sui</span> <span class='ocrx_word' id='word_1_77' title='bbox 296 667 505 708; x_wconf 71' lang='lat' dir='ltr'>desiderat</span> <span class='ocrx_word' id='word_1_78' title='bbox 536 667 716 707; x_wconf 82' lang='lat' dir='ltr'>transire</span> <span class='ocrx_word' id='word_1_79' title='bbox 743 669 784 707; x_wconf 92' lang='lat' dir='ltr'>et</span> <span class='ocrx_word' id='word_1_80' title='bbox 810 667 1025 720; x_wconf 86' lang='lat' dir='ltr'>possidere</span> <span class='ocrx_word' id='word_1_81' title='bbox 1050 666 1156 707; x_wconf 78' lang='lat' dir='ltr'>illud</span> <span class='ocrx_word' id='word_1_82' title='bbox 1183 666 1349 720; x_wconf 76' lang='lat' dir='ltr'>debeat,</span> <span class='ocrx_word' id='word_1_83' title='bbox 1382 666 1550 720; x_wconf 83' lang='lat' dir='ltr'>quo&lt;d&gt;</span> 
     </span>
     <span class='ocr_line' id='line_1_15' title="bbox 203 723 1547 781; baseline -0.001 -15"><span class='ocrx_word' id='word_1_84' title='bbox 203 727 361 767; x_wconf 87' lang='lat' dir='ltr'>flumen</span> <span class='ocrx_word' id='word_1_85' title='bbox 386 727 571 780; x_wconf 89' lang='lat' dir='ltr'>reliquit.</span> <span class='ocrx_word' id='word_1_86' title='bbox 610 727 692 767; x_wconf 84' lang='lat' dir='ltr'>nisi</span> <span class='ocrx_word' id='word_1_87' title='bbox 720 726 832 779; x_wconf 91' lang='lat' dir='ltr'>quod</span> <span class='ocrx_word' id='word_1_88' title='bbox 859 725 964 767; x_wconf 87' lang='lat' dir='ltr'>illud</span> <span class='ocrx_word' id='word_1_89' title='bbox 991 725 1269 766; x_wconf 74' lang='lat' dir='ltr'>subtilissime</span> <span class='ocrx_word' id='word_1_90' title='bbox 1295 725 1521 779; x_wconf 77' lang='lat' dir='ltr'>profertur,</span> <span class='ocrx_word' id='word_1_91' title='bbox 1543 723 1547 781; x_wconf 85' lang='grc' dir='ltr'>Ι</span> 
     </span>
     <span class='ocr_line' id='line_1_16' title="bbox 205 784 1548 840; baseline -0.002 -13"><span class='ocrx_word' id='word_1_92' title='bbox 205 786 319 840; x_wconf 78' lang='lat' dir='ltr'>quod</span> <span class='ocrx_word' id='word_1_93' title='bbox 344 787 382 826; x_wconf 77' lang='lat' dir='ltr'>is</span> <span class='ocrx_word' id='word_1_94' title='bbox 409 785 546 827; x_wconf 90' lang='lat' dir='ltr'>solum</span> <span class='ocrx_word' id='word_1_95' title='bbox 573 785 784 838; x_wconf 72' lang='lat' dir='ltr'>&lt;a&gt;misit‚</span> <span class='ocrx_word' id='word_1_96' title='bbox 814 799 899 825; x_wconf 86' lang='lat' dir='ltr'>non</span> <span class='ocrx_word' id='word_1_97' title='bbox 925 785 1068 825; x_wconf 83' lang='lat' dir='ltr'>statim</span> <span class='ocrx_word' id='word_1_98' title='bbox 1096 785 1274 826; x_wconf 83' lang='lat' dir='ltr'>transire</span> <span class='ocrx_word' id='word_1_99' title='bbox 1301 785 1345 825; x_wconf 89' lang='lat' dir='ltr'>in</span> <span class='ocrx_word' id='word_1_100' title='bbox 1371 784 1548 825; x_wconf 86' lang='lat' dir='ltr'>alteram</span> 
     </span>
     <span class='ocr_line' id='line_1_17' title="bbox 203 844 1549 899; baseline -0.001 -14"><span class='ocrx_word' id='word_1_101' title='bbox 203 845 351 899; x_wconf 73' lang='lat' dir='ltr'>ripam,</span> <span class='ocrx_word' id='word_1_102' title='bbox 378 845 451 885; x_wconf 90' lang='lat' dir='ltr'>sed</span> <span class='ocrx_word' id='word_1_103' title='bbox 477 845 706 885; x_wconf 82' lang='lat' dir='ltr'>abductum</span> <span class='ocrx_word' id='word_1_104' title='bbox 733 859 821 885; x_wconf 83' lang='lat' dir='ltr'>esse</span> <span class='ocrx_word' id='word_1_105' title='bbox 848 846 946 896; x_wconf 67' lang='lat' dir='ltr'>&lt;e&gt;t</span> <span class='ocrx_word' id='word_1_106' title='bbox 973 845 1142 885; x_wconf 89' lang='lat' dir='ltr'>elotum.</span> <span class='ocrx_word' id='word_1_107' title='bbox 1184 847 1225 884; x_wconf 87' lang='lat' dir='ltr'>et</span> <span class='ocrx_word' id='word_1_108' title='bbox 1251 844 1355 884; x_wconf 90' lang='lat' dir='ltr'>illud</span> <span class='ocrx_word' id='word_1_109' title='bbox 1365 878 1375 898; x_wconf 72' lang='lat'><em>⁷</em></span> <span class='ocrx_word' id='word_1_110' title='bbox 1402 845 1549 884; x_wconf 86' lang='lat' dir='ltr'>contra</span> 
     </span>
     <span class='ocr_line' id='line_1_18' title="bbox 203 902 1549 958; baseline -0.001 -14"><span class='ocrx_word' id='word_1_111' title='bbox 203 904 391 945; x_wconf 88' lang='lat' dir='ltr'>uicinum</span> <span class='ocrx_word' id='word_1_112' title='bbox 412 905 540 958; x_wconf 84' lang='lat' dir='ltr'>longe</span> <span class='ocrx_word' id='word_1_113' title='bbox 561 903 810 944; x_wconf 88' lang='lat' dir='ltr'>dissimilem</span> <span class='ocrx_word' id='word_1_114' title='bbox 839 918 986 957; x_wconf 80' lang='lat' dir='ltr'>agrum</span> <span class='ocrx_word' id='word_1_115' title='bbox 1015 903 1183 954; x_wconf 80' lang='lat' dir='ltr'>habere,</span> <span class='ocrx_word' id='word_1_116' title='bbox 1211 902 1323 957; x_wconf 92' lang='lat' dir='ltr'>quod</span> <span class='ocrx_word' id='word_1_117' title='bbox 1349 902 1419 943; x_wconf 88' lang='lat' dir='ltr'>hic</span> <span class='ocrx_word' id='word_1_118' title='bbox 1439 902 1549 944; x_wconf 87' lang='lat' dir='ltr'>forte</span> 
     </span>
     <span class='ocr_line' id='line_1_19' title="bbox 204 961 1548 1017; baseline -0.001 -13"><span class='ocrx_word' id='word_1_119' title='bbox 204 964 365 1004; x_wconf 76' lang='lat' dir='ltr'>cultum</span> <span class='ocrx_word' id='word_1_120' title='bbox 392 966 433 1003; x_wconf 89' lang='lat' dir='ltr'>et</span> <span class='ocrx_word' id='word_1_121' title='bbox 458 964 616 1017; x_wconf 78' lang='lat' dir='ltr'>pingue</span> <span class='ocrx_word' id='word_1_122' title='bbox 637 963 774 1003; x_wconf 83' lang='lat' dir='ltr'>solum</span> <span class='ocrx_word' id='word_1_123' title='bbox 800 963 1000 1015; x_wconf 81' lang='lat' dir='ltr'>amiserit,</span> <span class='ocrx_word' id='word_1_124' title='bbox 1027 962 1137 1015; x_wconf 83' lang='lat' dir='ltr'>apud</span> <span class='ocrx_word' id='word_1_125' title='bbox 1164 963 1284 1003; x_wconf 87' lang='lat' dir='ltr'>illum</span> <span class='ocrx_word' id='word_1_126' title='bbox 1311 965 1452 1002; x_wconf 82' lang='lat' dir='ltr'>autem</span> <span class='ocrx_word' id='word_1_127' title='bbox 1479 961 1548 1002; x_wconf 77' lang='lat' dir='ltr'>ha-</span> 
     </span>
    </p>
   </div>
   <div class='ocr_carea' id='block_1_8' title="bbox 204 1020 1608 1076">
    <p class='ocr_par' dir='ltr' id='par_1_8' title="bbox 204 1020 1608 1076">
     <span class='ocr_line' id='line_1_20' title="bbox 204 1020 1608 1076; baseline -0.002 -13"><span class='ocrx_word' id='word_1_128' title='bbox 204 1036 344 1075; x_wconf 80' lang='lat' dir='ltr'>renae,</span> <span class='ocrx_word' id='word_1_129' title='bbox 378 1022 539 1076; x_wconf 82' lang='lat' dir='ltr'>lapides</span> <span class='ocrx_word' id='word_1_130' title='bbox 576 1025 617 1062; x_wconf 92' lang='lat' dir='ltr'>et</span> <span class='ocrx_word' id='word_1_131' title='bbox 648 1021 799 1062; x_wconf 90' lang='lat' dir='ltr'>limum</span> <span class='ocrx_word' id='word_1_132' title='bbox 832 1021 1005 1062; x_wconf 78' lang='lat' dir='ltr'>abluuio</span> <span class='ocrx_word' id='word_1_133' title='bbox 1039 1021 1255 1063; x_wconf 87' lang='lat' dir='ltr'>inuectum</span> <span class='ocrx_word' id='word_1_134' title='bbox 1289 1020 1547 1061; x_wconf 82' lang='lat' dir='ltr'>remanserit.</span> <span class='ocrx_word' id='word_1_135' title='bbox 1594 1042 1608 1065; x_wconf 79' lang='lat'><strong>5</strong></span> 
     </span>
    </p>
   </div>
   <div class='ocr_carea' id='block_1_9' title="bbox 203 1080 1552 1608">
    <p class='ocr_par' dir='ltr' id='par_1_9' title="bbox 203 1080 1551 1195">
     <span class='ocr_line' id='line_1_21' title="bbox 203 1080 1551 1135; baseline -0.002 -12"><span class='ocrx_word' id='word_1_136' title='bbox 203 1082 310 1123; x_wconf 80' lang='lat' dir='ltr'>illud</span> <span class='ocrx_word' id='word_1_137' title='bbox 334 1085 569 1135; x_wconf 81' lang='lat' dir='ltr'>praeterea,</span> <span class='ocrx_word' id='word_1_138' title='bbox 601 1080 714 1135; x_wconf 87' lang='lat' dir='ltr'>quod</span> <span class='ocrx_word' id='word_1_139' title='bbox 747 1081 873 1121; x_wconf 88' lang='lat' dir='ltr'>finem</span> <span class='ocrx_word' id='word_1_140' title='bbox 901 1081 986 1121; x_wconf 88' lang='lat' dir='ltr'>illis</span> <span class='ocrx_word' id='word_1_141' title='bbox 1013 1095 1177 1134; x_wconf 84' lang='lat' dir='ltr'>semper</span> <span class='ocrx_word' id='word_1_142' title='bbox 1203 1095 1311 1134; x_wconf 78' lang='lat' dir='ltr'>aqua</span> <span class='ocrx_word' id='word_1_143' title='bbox 1336 1080 1483 1120; x_wconf 85' lang='lat' dir='ltr'>fecerit</span> <span class='ocrx_word' id='word_1_144' title='bbox 1509 1082 1551 1120; x_wconf 89' lang='lat' dir='ltr'>et</span> 
     </span>
     <span class='ocr_line' id='line_1_22' title="bbox 203 1138 898 1195; baseline -0.001 -14"><span class='ocrx_word' id='word_1_145' title='bbox 203 1156 315 1182; x_wconf 88' lang='lat' dir='ltr'>nunc</span> <span class='ocrx_word' id='word_1_146' title='bbox 343 1155 512 1194; x_wconf 86' lang='lat' dir='ltr'>quoque</span> <span class='ocrx_word' id='word_1_147' title='bbox 541 1138 546 1195; x_wconf 84' lang='grc'>1</span> <span class='ocrx_word' id='word_1_148' title='bbox 574 1140 711 1181; x_wconf 76' lang='lat' dir='ltr'>facere</span> <span class='ocrx_word' id='word_1_149' title='bbox 739 1140 898 1181; x_wconf 80' lang='lat' dir='ltr'>debeat.</span> 
     </span>
    </p>

    <p class='ocr_par' dir='ltr' id='par_1_10' title="bbox 203 1198 1552 1608">
     <span class='ocr_line' id='line_1_23' title="bbox 265 1198 1550 1253; baseline -0.002 -13"><span class='ocrx_word' id='word_1_150' title='bbox 265 1199 373 1240; x_wconf 80' lang='lat' dir='ltr'>Sunt</span> <span class='ocrx_word' id='word_1_151' title='bbox 400 1203 440 1240; x_wconf 89' lang='lat' dir='ltr'>et</span> <span class='ocrx_word' id='word_1_152' title='bbox 466 1199 615 1252; x_wconf 81' lang='lat' dir='ltr'>multa,</span> <span class='ocrx_word' id='word_1_153' title='bbox 643 1200 692 1240; x_wconf 91' lang='lat' dir='ltr'>de</span> <span class='ocrx_word' id='word_1_154' title='bbox 717 1199 870 1253; x_wconf 88' lang='lat' dir='ltr'>quibus</span> <span class='ocrx_word' id='word_1_155' title='bbox 898 1198 1112 1240; x_wconf 88' lang='lat' dir='ltr'>subtiliter</span> <span class='ocrx_word' id='word_1_156' title='bbox 1131 1201 1356 1240; x_wconf 82' lang='lat' dir='ltr'>tractatur:</span> <span class='ocrx_word' id='word_1_157' title='bbox 1383 1199 1462 1242; x_wconf 82' lang='lat' dir='ltr'>sed.</span> <span class='ocrx_word' id='word_1_158' title='bbox 1475 1212 1550 1238; x_wconf 91' lang='lat' dir='ltr'>nec</span> 
     </span>
     <span class='ocr_line' id='line_1_24' title="bbox 204 1258 1551 1314; baseline -0.001 -15"><span class='ocrx_word' id='word_1_159' title='bbox 204 1274 287 1300; x_wconf 86' lang='lat' dir='ltr'>uno</span> <span class='ocrx_word' id='word_1_160' title='bbox 315 1261 481 1299; x_wconf 77' lang='lat' dir='ltr'>tantum</span> <span class='ocrx_word' id='word_1_161' title='bbox 514 1273 666 1314; x_wconf 83' lang='lat' dir='ltr'>genere</span> <span class='ocrx_word' id='word_1_162' title='bbox 699 1273 773 1312; x_wconf 90' lang='lat' dir='ltr'>per</span> <span class='ocrx_word' id='word_1_163' title='bbox 798 1259 1056 1299; x_wconf 78' lang='lat' dir='ltr'>alluuionem</span> <span class='ocrx_word' id='word_1_164' title='bbox 1091 1258 1267 1298; x_wconf 81' lang='lat' dir='ltr'>flumina</span> <span class='ocrx_word' id='word_1_165' title='bbox 1296 1258 1551 1312; x_wconf 87' lang='lat' dir='ltr'>possessori-</span> 
     </span>
     <span class='ocr_line' id='line_1_25' title="bbox 203 1316 1552 1373; baseline -0.001 -14"><span class='ocrx_word' id='word_1_166' title='bbox 203 1318 282 1360; x_wconf 87' lang='lat' dir='ltr'>bus</span> <span class='ocrx_word' id='word_1_167' title='bbox 309 1318 486 1359; x_wconf 81' lang='lat' dir='ltr'>iniurias</span> <span class='ocrx_word' id='word_1_168' title='bbox 512 1317 686 1358; x_wconf 81' lang='lat' dir='ltr'>faciunt.</span> <span class='ocrx_word' id='word_1_169' title='bbox 726 1317 835 1358; x_wconf 88' lang='lat' dir='ltr'>sicut</span> <span class='ocrx_word' id='word_1_170' title='bbox 864 1316 868 1373; x_wconf 80' lang='grc' dir='ltr'>Ι</span> <span class='ocrx_word' id='word_1_171' title='bbox 898 1317 1036 1358; x_wconf 76' lang='lat' dir='ltr'>Padus</span> <span class='ocrx_word' id='word_1_172' title='bbox 1063 1318 1211 1358; x_wconf 90' lang='lat' dir='ltr'>relicto</span> <span class='ocrx_word' id='word_1_173' title='bbox 1234 1317 1355 1358; x_wconf 80' lang='lat' dir='ltr'>alueo</span> <span class='ocrx_word' id='word_1_174' title='bbox 1380 1331 1455 1358; x_wconf 90' lang='lat' dir='ltr'>suo</span> <span class='ocrx_word' id='word_1_175' title='bbox 1476 1330 1552 1370; x_wconf 90' lang='lat' dir='ltr'>per</span> 
     </span>
     <span class='ocr_line' id='line_1_26' title="bbox 204 1376 1550 1430; baseline -0.001 -12"><span class='ocrx_word' id='word_1_176' title='bbox 204 1377 432 1418; x_wconf 88' lang='lat' dir='ltr'>cuiuslibet</span> <span class='ocrx_word' id='word_1_177' title='bbox 468 1377 648 1417; x_wconf 83' lang='lat' dir='ltr'>fundum</span> <span class='ocrx_word' id='word_1_178' title='bbox 686 1377 871 1417; x_wconf 85' lang='lat' dir='ltr'>medium</span> <span class='ocrx_word' id='word_1_179' title='bbox 908 1377 1114 1430; x_wconf 86' lang='lat' dir='ltr'>inrumpit</span> <span class='ocrx_word' id='word_1_180' title='bbox 1149 1379 1191 1417; x_wconf 92' lang='lat' dir='ltr'>et</span> <span class='ocrx_word' id='word_1_181' title='bbox 1228 1376 1330 1417; x_wconf 83' lang='lat' dir='ltr'>facit</span> <span class='ocrx_word' id='word_1_182' title='bbox 1368 1376 1550 1417; x_wconf 84' lang='lat' dir='ltr'>insulam</span> 
     </span>
     <span class='ocr_line' id='line_1_27' title="bbox 204 1436 1552 1477; baseline -0.001 0"><span class='ocrx_word' id='word_1_183' title='bbox 204 1437 315 1477; x_wconf 87' lang='lat' dir='ltr'>inter</span> <span class='ocrx_word' id='word_1_184' title='bbox 340 1451 500 1477; x_wconf 86' lang='lat' dir='ltr'>nouum</span> <span class='ocrx_word' id='word_1_185' title='bbox 527 1439 568 1476; x_wconf 90' lang='lat' dir='ltr'>et</span> <span class='ocrx_word' id='word_1_186' title='bbox 594 1439 779 1477; x_wconf 88' lang='lat' dir='ltr'>ueterem</span> <span class='ocrx_word' id='word_1_187' title='bbox 808 1436 985 1477; x_wconf 79' lang='lat' dir='ltr'>alueum.</span> <span class='ocrx_word' id='word_1_188' title='bbox 1031 1436 1121 1476; x_wconf 83' lang='lat' dir='ltr'>ideo</span> <span class='ocrx_word' id='word_1_189' title='bbox 1149 1436 1198 1475; x_wconf 88' lang='lat' dir='ltr'>de</span> <span class='ocrx_word' id='word_1_190' title='bbox 1224 1436 1306 1477; x_wconf 81' lang='lat' dir='ltr'>hac</span> <span class='ocrx_word' id='word_1_191' title='bbox 1332 1450 1375 1476; x_wconf 89' lang='lat' dir='ltr'>re</span> <span class='ocrx_word' id='word_1_192' title='bbox 1401 1437 1552 1476; x_wconf 84' lang='lat' dir='ltr'>tracta-</span> 
     </span>
     <span class='ocr_line' id='line_1_28' title="bbox 204 1494 1550 1549; baseline -0.001 -13"><span class='ocrx_word' id='word_1_193' title='bbox 204 1500 286 1549; x_wconf 81' lang='lat' dir='ltr'>tur⁷</span> <span class='ocrx_word' id='word_1_194' title='bbox 313 1495 363 1536; x_wconf 82' lang='lat' dir='ltr'>ad</span> <span class='ocrx_word' id='word_1_195' title='bbox 386 1510 513 1549; x_wconf 89' lang='lat' dir='ltr'>quem</span> <span class='ocrx_word' id='word_1_196' title='bbox 534 1495 746 1548; x_wconf 88' lang='lat' dir='ltr'>pertinere</span> <span class='ocrx_word' id='word_1_197' title='bbox 767 1495 918 1535; x_wconf 84' lang='lat' dir='ltr'>debeat</span> <span class='ocrx_word' id='word_1_198' title='bbox 940 1495 1046 1536; x_wconf 88' lang='lat' dir='ltr'>illud</span> <span class='ocrx_word' id='word_1_199' title='bbox 1068 1494 1181 1548; x_wconf 87' lang='lat' dir='ltr'>quod</span> <span class='ocrx_word' id='word_1_200' title='bbox 1201 1494 1434 1548; x_wconf 76' lang='lat' dir='ltr'>reliquerit,</span> <span class='ocrx_word' id='word_1_201' title='bbox 1455 1509 1550 1535; x_wconf 88' lang='lat' dir='ltr'>cum</span> 
     </span>
     <span class='ocr_line' id='line_1_29' title="bbox 204 1554 1552 1608; baseline -0.001 -13"><span class='ocrx_word' id='word_1_202' title='bbox 204 1555 403 1596; x_wconf 83' lang='lat' dir='ltr'>iniuriam</span> <span class='ocrx_word' id='word_1_203' title='bbox 440 1555 660 1608; x_wconf 78' lang='lat' dir='ltr'>proximus</span> <span class='ocrx_word' id='word_1_204' title='bbox 696 1569 915 1607; x_wconf 81' lang='lat' dir='ltr'>possessor</span> <span class='ocrx_word' id='word_1_205' title='bbox 946 1569 1029 1595; x_wconf 89' lang='lat' dir='ltr'>non</span> <span class='ocrx_word' id='word_1_206' title='bbox 1063 1554 1317 1595; x_wconf 78' lang='lat' dir='ltr'>mediocrem</span> <span class='ocrx_word' id='word_1_207' title='bbox 1352 1554 1552 1607; x_wconf 79' lang='lat' dir='ltr'>patiatur,</span> 
     </span>
    </p>
   </div>
   <div class='ocr_carea' id='block_1_10' title="bbox 204 1612 1592 1668">
    <p class='ocr_par' dir='ltr' id='par_1_11' title="bbox 204 1612 1592 1668">
     <span class='ocr_line' id='line_1_30' title="bbox 204 1612 1592 1668; baseline -0.002 -13"><span class='ocrx_word' id='word_1_208' title='bbox 204 1629 279 1668; x_wconf 83' lang='lat' dir='ltr'>per</span> <span class='ocrx_word' id='word_1_209' title='bbox 299 1615 418 1655; x_wconf 90' lang='lat' dir='ltr'>cuius</span> <span class='ocrx_word' id='word_1_210' title='bbox 440 1613 578 1654; x_wconf 86' lang='lat' dir='ltr'>solum</span> <span class='ocrx_word' id='word_1_211' title='bbox 600 1614 734 1654; x_wconf 82' lang='lat' dir='ltr'>amnis</span> <span class='ocrx_word' id='word_1_212' title='bbox 757 1613 953 1666; x_wconf 86' lang='lat' dir='ltr'>publicus</span> <span class='ocrx_word' id='word_1_213' title='bbox 980 1614 1168 1667; x_wconf 77' lang='lat' dir='ltr'>perfluat.</span> <span class='ocrx_word' id='word_1_214' title='bbox 1204 1613 1286 1653; x_wconf 89' lang='lat' dir='ltr'>nisi</span> <span class='ocrx_word' id='word_1_215' title='bbox 1308 1612 1420 1666; x_wconf 89' lang='lat' dir='ltr'>quod</span> <span class='ocrx_word' id='word_1_216' title='bbox 1448 1613 1550 1653; x_wconf 89' lang='lat' dir='ltr'>iuris</span> <span class='ocrx_word' id='word_1_217' title='bbox 1577 1633 1592 1657; x_wconf 76' lang='lat'>2</span> 
     </span>
    </p>
   </div>
   <div class='ocr_carea' id='block_1_11' title="bbox 204 1671 1552 1727">
    <p class='ocr_par' dir='ltr' id='par_1_12' title="bbox 204 1671 1552 1727">
     <span class='ocr_line' id='line_1_31' title="bbox 204 1671 1552 1727; baseline -0.001 -13"><span class='ocrx_word' id='word_1_218' title='bbox 204 1674 331 1727; x_wconf 90' lang='lat' dir='ltr'>periti</span> <span class='ocrx_word' id='word_1_219' title='bbox 358 1674 481 1714; x_wconf 82' lang='lat' dir='ltr'>aliter</span> <span class='ocrx_word' id='word_1_220' title='bbox 506 1674 852 1727; x_wconf 82' lang='lat' dir='ltr'>interpretantur,</span> <span class='ocrx_word' id='word_1_221' title='bbox 879 1676 920 1713; x_wconf 85' lang='lat' dir='ltr'>et</span> <span class='ocrx_word' id='word_1_222' title='bbox 945 1675 1103 1727; x_wconf 79' lang='lat' dir='ltr'>negant</span> <span class='ocrx_word' id='word_1_223' title='bbox 1128 1673 1235 1713; x_wconf 77' lang='lat' dir='ltr'>illud</span> <span class='ocrx_word' id='word_1_224' title='bbox 1261 1671 1411 1724; x_wconf 79' lang='lat' dir='ltr'>solum,</span> <span class='ocrx_word' id='word_1_225' title='bbox 1439 1671 1552 1725; x_wconf 91' lang='lat' dir='ltr'>quod</span> 
     </span>
    </p>
   </div>
   <div class='ocr_carea' id='block_1_12' title="bbox 205 1799 1548 1892">
    <p class='ocr_par' dir='ltr' id='par_1_13' title="bbox 205 1799 1548 1892">
     <span class='ocr_line' id='line_1_32' title="bbox 205 1799 1548 1882; baseline -0.001 -48"><span class='ocrx_word' id='word_1_226' title='bbox 205 1852 225 1882; x_wconf 87' lang='lat'>8</span> <span class='ocrx_word' id='word_1_227' title='bbox 264 1809 281 1834; x_wconf 81' lang='grc'>3</span> <span class='ocrx_word' id='word_1_228' title='bbox 314 1802 478 1836; x_wconf 86' lang='lat' dir='ltr'>Frontin.</span> <span class='ocrx_word' id='word_1_229' title='bbox 501 1805 608 1842; x_wconf 73' lang='lat'>6,15.</span> <span class='ocrx_word' id='word_1_230' title='bbox 655 1800 790 1846; x_wconf 81' lang='lat' dir='ltr'>Hygin.</span> <span class='ocrx_word' id='word_1_231' title='bbox 814 1804 964 1834; x_wconf 73' lang='lat'>87—88</span> <span class='ocrx_word' id='word_1_232' title='bbox 1116 1807 1153 1833; x_wconf 85' lang='grc'>20</span> <span class='ocrx_word' id='word_1_233' title='bbox 1186 1800 1308 1834; x_wconf 87' lang='lat' dir='ltr'>Padus</span> <span class='ocrx_word' id='word_1_234' title='bbox 1340 1801 1384 1843; x_wconf 81' lang='lat' dir='ltr'>cf.</span> <span class='ocrx_word' id='word_1_235' title='bbox 1412 1799 1548 1844; x_wconf 77' lang='lat' dir='ltr'>Hygia.</span> 
     </span>
     <span class='ocr_line' id='line_1_33' title="bbox 231 1854 384 1892; baseline -0.007 -9"><span class='ocrx_word' id='word_1_236' title='bbox 231 1854 260 1892; x_wconf 78' lang='grc' dir='ltr'>ἵ,</span> <span class='ocrx_word' id='word_1_237' title='bbox 277 1854 318 1883; x_wconf 72' lang='grc'>1-3</span> <span class='ocrx_word' id='word_1_238' title='bbox 332 1861 384 1892; x_wconf 80' lang='lat' dir='ltr'>sq.</span> 
     </span>
    </p>
   </div>
   <div class='ocr_carea' id='block_1_13' title="bbox 203 1918 380 1921">
    <p class='ocr_par' dir='ltr' id='par_1_14' title="bbox 203 1918 380 1921">
     <span class='ocr_line' id='line_1_34' title="bbox 203 1918 380 1921; baseline 0 0"><span class='ocrx_word' id='word_1_239' title='bbox 203 1918 380 1921; x_wconf 95' lang='lat' dir='ltr'> </span> 
     </span>
    </p>
   </div>
   <div class='ocr_carea' id='block_1_14' title="bbox 381 1918 486 1920">
    <p class='ocr_par' dir='ltr' id='par_1_15' title="bbox 381 1918 486 1920">
     <span class='ocr_line' id='line_1_35' title="bbox 381 1918 486 1920; baseline 0 0"><span class='ocrx_word' id='word_1_240' title='bbox 381 1918 486 1920; x_wconf 95' lang='lat' dir='ltr'> </span> 
     </span>
    </p>
   </div>
   <div class='ocr_carea' id='block_1_15' title="bbox 204 1953 1553 2377">
    <p class='ocr_par' dir='ltr' id='par_1_16' title="bbox 204 1953 1553 2377">
     <span class='ocr_line' id='line_1_36' title="bbox 264 1953 1550 2001; baseline 0 -13"><span class='ocrx_word' id='word_1_241' title='bbox 264 1963 280 1988; x_wconf 95' lang='lat'>1</span> <span class='ocrx_word' id='word_1_242' title='bbox 306 1956 375 1989; x_wconf 82' lang='lat' dir='ltr'>hae</span> <span class='ocrx_word' id='word_1_243' title='bbox 396 1959 420 1988; x_wconf 90' lang='lat' dir='ltr'>B</span> <span class='ocrx_word' id='word_1_244' title='bbox 445 1960 448 1999; x_wconf 73' lang='grc' dir='ltr'>ι</span> <span class='ocrx_word' id='word_1_245' title='bbox 472 1956 676 2001; x_wconf 75' lang='lat' dir='ltr'>exercetur]</span> <span class='ocrx_word' id='word_1_246' title='bbox 697 1959 725 1988; x_wconf 88' lang='lat' dir='ltr'>A</span> <span class='ocrx_word' id='word_1_247' title='bbox 745 1955 847 1989; x_wconf 55' lang='lat' dir='ltr'>add:</span> <span class='ocrx_word' id='word_1_248' title='bbox 875 1954 1008 1988; x_wconf 78' lang='lat' dir='ltr'>Postea</span> <span class='ocrx_word' id='word_1_249' title='bbox 1029 1954 1255 1988; x_wconf 84' lang='lat' dir='ltr'>domitianus</span> <span class='ocrx_word' id='word_1_250' title='bbox 1280 1954 1327 1987; x_wconf 85' lang='lat' dir='ltr'>ad</span> <span class='ocrx_word' id='word_1_251' title='bbox 1350 1953 1419 1988; x_wconf 90' lang='lat' dir='ltr'>hoc</span> <span class='ocrx_word' id='word_1_252' title='bbox 1439 1953 1550 1988; x_wconf 84' lang='lat' dir='ltr'>bene-</span> 
     </span>
     <span class='ocr_line' id='line_1_37' title="bbox 204 2000 1549 2046; baseline -0.001 -10"><span class='ocrx_word' id='word_1_253' title='bbox 204 2002 329 2036; x_wconf 90' lang='lat' dir='ltr'>ficium</span> <span class='ocrx_word' id='word_1_254' title='bbox 348 2003 533 2046; x_wconf 82' lang='lat' dir='ltr'>procurrit</span> <span class='ocrx_word' id='word_1_255' title='bbox 553 2005 590 2037; x_wconf 85' lang='lat' dir='ltr'>et</span> <span class='ocrx_word' id='word_1_256' title='bbox 608 2014 682 2036; x_wconf 89' lang='lat' dir='ltr'>uno</span> <span class='ocrx_word' id='word_1_257' title='bbox 703 2002 824 2036; x_wconf 87' lang='lat' dir='ltr'>edicto</span> <span class='ocrx_word' id='word_1_258' title='bbox 845 2012 988 2035; x_wconf 87' lang='lat' dir='ltr'>suscem</span> <span class='ocrx_word' id='word_1_259' title='bbox 1004 2004 1063 2043; x_wconf 73' lang='lat' dir='ltr'>(eoe</span> <span class='ocrx_word' id='word_1_260' title='bbox 1076 2003 1355 2046; x_wconf 75' lang='lat' dir='ltr'>p.41,24-25)</span> <span class='ocrx_word' id='word_1_261' title='bbox 1421 2007 1439 2034; x_wconf 80' lang='lat'><em>8</em></span> <span class='ocrx_word' id='word_1_262' title='bbox 1466 2000 1549 2035; x_wconf 88' lang='lat' dir='ltr'>MN.</span> 
     </span>
     <span class='ocr_line' id='line_1_38' title="bbox 205 2048 1504 2093; baseline -0.002 -9"><span class='ocrx_word' id='word_1_263' title='bbox 205 2050 268 2084; x_wconf 90' lang='lat' dir='ltr'>DE</span> <span class='ocrx_word' id='word_1_264' title='bbox 287 2050 562 2084; x_wconf 86' lang='lat' dir='ltr'>ALLVBIONE</span> <span class='ocrx_word' id='word_1_265' title='bbox 581 2049 676 2083; x_wconf 88' lang='lat' dir='ltr'>.MN.</span> <span class='ocrx_word' id='word_1_266' title='bbox 694 2053 719 2082; x_wconf 88' lang='grc' dir='ltr'>Β</span> <span class='ocrx_word' id='word_1_267' title='bbox 743 2052 746 2093; x_wconf 90' lang='grc' dir='ltr'>Ι</span> <span class='ocrx_word' id='word_1_268' title='bbox 770 2048 947 2083; x_wconf 85' lang='lat' dir='ltr'>effeotiibi</span> <span class='ocrx_word' id='word_1_269' title='bbox 961 2052 1023 2082; x_wconf 88' lang='lat' dir='ltr'>AB</span> <span class='ocrx_word' id='word_1_270' title='bbox 1082 2056 1100 2082; x_wconf 80' lang='grc'><strong>6</strong></span> <span class='ocrx_word' id='word_1_271' title='bbox 1120 2048 1268 2083; x_wconf 89' lang='lat' dir='ltr'>flumem</span> <span class='ocrx_word' id='word_1_272' title='bbox 1282 2051 1356 2089; x_wconf 82' lang='lat' dir='ltr'>AB,</span> <span class='ocrx_word' id='word_1_273' title='bbox 1373 2059 1463 2083; x_wconf 78' lang='lat' dir='ltr'>corr.</span> <span class='ocrx_word' id='word_1_274' title='bbox 1478 2051 1504 2081; x_wconf 89' lang='lat' dir='ltr'>B</span> 
     </span>
     <span class='ocr_line' id='line_1_39' title="bbox 206 2095 1552 2143; baseline -0.001 -13"><span class='ocrx_word' id='word_1_275' title='bbox 206 2103 224 2131; x_wconf 83' lang='grc'>8</span> <span class='ocrx_word' id='word_1_276' title='bbox 245 2096 348 2143; x_wconf 75' lang='lat' dir='ltr'>(an)</span> <span class='ocrx_word' id='word_1_277' title='bbox 363 2097 423 2131; x_wconf 82' lang='lat' dir='ltr'>hic</span> <span class='ocrx_word' id='word_1_278' title='bbox 441 2098 624 2132; x_wconf 80' lang='lat' dir='ltr'>Goes.La.</span> <span class='ocrx_word' id='word_1_279' title='bbox 674 2104 693 2130; x_wconf 80' lang='grc'><strong>9</strong></span> <span class='ocrx_word' id='word_1_280' title='bbox 712 2096 862 2130; x_wconf 85' lang='lat' dir='ltr'>illud—</span> <span class='ocrx_word' id='word_1_281' title='bbox 875 2096 973 2140; x_wconf 90' lang='lat' dir='ltr'>quod</span> <span class='ocrx_word' id='word_1_282' title='bbox 985 2097 1069 2142; x_wconf 85' lang='lat' dir='ltr'><em>La.]</em></span> <span class='ocrx_word' id='word_1_283' title='bbox 1085 2095 1206 2130; x_wconf 83' lang='lat' dir='ltr'>illa—</span> <span class='ocrx_word' id='word_1_284' title='bbox 1219 2107 1290 2139; x_wconf 89' lang='lat' dir='ltr'>quo</span> <span class='ocrx_word' id='word_1_285' title='bbox 1302 2098 1364 2128; x_wconf 89' lang='lat' dir='ltr'>AB</span> <span class='ocrx_word' id='word_1_286' title='bbox 1414 2102 1451 2128; x_wconf 85' lang='grc'>10</span> <span class='ocrx_word' id='word_1_287' title='bbox 1470 2107 1552 2140; x_wconf 84' lang='lat' dir='ltr'>per-</span> 
     </span>
     <span class='ocr_line' id='line_1_40' title="bbox 205 2143 1551 2190; baseline -0.001 -12"><span class='ocrx_word' id='word_1_288' title='bbox 205 2145 322 2178; x_wconf 85' lang='lat' dir='ltr'>fertur</span> <span class='ocrx_word' id='word_1_289' title='bbox 347 2148 426 2188; x_wconf 85' lang='lat' dir='ltr'>AB,</span> <span class='ocrx_word' id='word_1_290' title='bbox 456 2156 544 2180; x_wconf 80' lang='lat' dir='ltr'>corr.</span> <span class='ocrx_word' id='word_1_291' title='bbox 568 2146 652 2190; x_wconf 66' lang='lat' dir='ltr'>Riy.</span> <span class='ocrx_word' id='word_1_292' title='bbox 750 2151 783 2177; x_wconf 89' lang='lat'>11</span> <span class='ocrx_word' id='word_1_293' title='bbox 810 2144 909 2187; x_wconf 86' lang='lat' dir='ltr'>quod</span> <span class='ocrx_word' id='word_1_294' title='bbox 935 2143 966 2177; x_wconf 86' lang='lat' dir='ltr'>is</span> <span class='ocrx_word' id='word_1_295' title='bbox 993 2144 1079 2189; x_wconf 61' lang='lat' dir='ltr'>Lm]</span> <span class='ocrx_word' id='word_1_296' title='bbox 1107 2143 1210 2177; x_wconf 85' lang='lat' dir='ltr'>cuius</span> <span class='ocrx_word' id='word_1_297' title='bbox 1236 2145 1316 2186; x_wconf 68' lang='lat' dir='ltr'>AB,</span> <span class='ocrx_word' id='word_1_298' title='bbox 1343 2143 1441 2186; x_wconf 90' lang='lat' dir='ltr'>quod</span> <span class='ocrx_word' id='word_1_299' title='bbox 1468 2143 1551 2186; x_wconf 87' lang='lat' dir='ltr'>quis</span> 
     </span>
     <span class='ocr_line' id='line_1_41' title="bbox 209 2189 1553 2238; baseline -0.002 -12"><span class='ocrx_word' id='word_1_300' title='bbox 209 2192 309 2226; x_wconf 82' lang='lat' dir='ltr'>Goes.</span> <span class='ocrx_word' id='word_1_301' title='bbox 340 2194 343 2235; x_wconf 94' lang='grc' dir='ltr'>Ι</span> <span class='ocrx_word' id='word_1_302' title='bbox 372 2191 556 2238; x_wconf 79' lang='lat' dir='ltr'>&lt;a&gt;misit</span> <span class='ocrx_word' id='word_1_303' title='bbox 577 2193 660 2237; x_wconf 63' lang='grc' dir='ltr'>Εἰς.</span> <span class='ocrx_word' id='word_1_304' title='bbox 734 2198 770 2225; x_wconf 92' lang='grc'>12</span> <span class='ocrx_word' id='word_1_305' title='bbox 796 2203 886 2226; x_wconf 81' lang='lat' dir='ltr'>corr.</span> <span class='ocrx_word' id='word_1_306' title='bbox 910 2191 1009 2226; x_wconf 82' lang='lat' dir='ltr'>Goes.</span> <span class='ocrx_word' id='word_1_307' title='bbox 1086 2197 1123 2224; x_wconf 79' lang='grc'>16</span> <span class='ocrx_word' id='word_1_308' title='bbox 1150 2201 1245 2234; x_wconf 80' lang='lat' dir='ltr'>aque</span> <span class='ocrx_word' id='word_1_309' title='bbox 1270 2194 1299 2223; x_wconf 87' lang='lat' dir='ltr'>A</span> <span class='ocrx_word' id='word_1_310' title='bbox 1371 2196 1408 2223; x_wconf 87' lang='lat'>18</span> <span class='ocrx_word' id='word_1_311' title='bbox 1433 2189 1553 2224; x_wconf 81' lang='lat' dir='ltr'>multa,</span> 
     </span>
     <span class='ocr_line' id='line_1_42' title="bbox 207 2238 1505 2285; baseline -0.002 -12"><span class='ocrx_word' id='word_1_312' title='bbox 207 2239 308 2285; x_wconf 61' lang='lat' dir='ltr'>Ray]</span> <span class='ocrx_word' id='word_1_313' title='bbox 334 2238 443 2273; x_wconf 88' lang='lat' dir='ltr'>multi</span> <span class='ocrx_word' id='word_1_314' title='bbox 464 2242 537 2281; x_wconf 86' lang='lat' dir='ltr'>AB,</span> <span class='ocrx_word' id='word_1_315' title='bbox 564 2239 673 2273; x_wconf 89' lang='lat' dir='ltr'>multi</span> <span class='ocrx_word' id='word_1_316' title='bbox 697 2239 861 2284; x_wconf 74' lang='lat' dir='ltr'>(casus)</span> <span class='ocrx_word' id='word_1_317' title='bbox 883 2239 952 2273; x_wconf 80' lang='lat' dir='ltr'>La.</span> <span class='ocrx_word' id='word_1_318' title='bbox 977 2240 980 2283; x_wconf 91' lang='grc' dir='ltr'>Ι</span> <span class='ocrx_word' id='word_1_319' title='bbox 1003 2239 1187 2272; x_wconf 81' lang='lat' dir='ltr'>tractatur</span> <span class='ocrx_word' id='word_1_320' title='bbox 1211 2240 1248 2279; x_wconf 73' lang='lat' dir='ltr'>B,</span> <span class='ocrx_word' id='word_1_321' title='bbox 1275 2238 1454 2271; x_wconf 82' lang='lat' dir='ltr'>tractaret</span> <span class='ocrx_word' id='word_1_322' title='bbox 1475 2241 1505 2270; x_wconf 88' lang='lat' dir='ltr'>A</span> 
     </span>
     <span class='ocr_line' id='line_1_43' title="bbox 206 2285 1552 2335; baseline -0.001 -15"><span class='ocrx_word' id='word_1_323' title='bbox 206 2293 246 2320; x_wconf 84' lang='lat'>20</span> <span class='ocrx_word' id='word_1_324' title='bbox 270 2286 378 2331; x_wconf 87' lang='lat' dir='ltr'>palus</span> <span class='ocrx_word' id='word_1_325' title='bbox 404 2289 477 2328; x_wconf 77' lang='lat' dir='ltr'>AB,</span> <span class='ocrx_word' id='word_1_326' title='bbox 505 2298 594 2321; x_wconf 83' lang='lat' dir='ltr'>corr.</span> <span class='ocrx_word' id='word_1_327' title='bbox 620 2287 720 2322; x_wconf 76' lang='lat' dir='ltr'>Goes.</span> <span class='ocrx_word' id='word_1_328' title='bbox 747 2319 761 2335; x_wconf 60' lang='lat' dir='ltr'>r</span> <span class='ocrx_word' id='word_1_329' title='bbox 801 2293 839 2319; x_wconf 90' lang='grc'>22</span> <span class='ocrx_word' id='word_1_330' title='bbox 865 2286 964 2320; x_wconf 91' lang='lat' dir='ltr'>idem</span> <span class='ocrx_word' id='word_1_331' title='bbox 992 2286 1036 2319; x_wconf 88' lang='lat' dir='ltr'>de</span> <span class='ocrx_word' id='word_1_332' title='bbox 1064 2285 1131 2319; x_wconf 85' lang='lat' dir='ltr'>hoc</span> <span class='ocrx_word' id='word_1_333' title='bbox 1156 2296 1194 2318; x_wconf 83' lang='lat' dir='ltr'>re</span> <span class='ocrx_word' id='word_1_334' title='bbox 1221 2287 1282 2318; x_wconf 87' lang='lat' dir='ltr'>AB</span> <span class='ocrx_word' id='word_1_335' title='bbox 1359 2291 1397 2318; x_wconf 75' lang='lat'>24</span> <span class='ocrx_word' id='word_1_336' title='bbox 1422 2295 1552 2328; x_wconf 82' lang='lat' dir='ltr'>possor</span> 
     </span>
     <span class='ocr_line' id='line_1_44' title="bbox 205 2331 1550 2377; baseline -0.001 -10"><span class='ocrx_word' id='word_1_337' title='bbox 205 2345 279 2368; x_wconf 89' lang='lat' dir='ltr'>non</span> <span class='ocrx_word' id='word_1_338' title='bbox 305 2334 506 2368; x_wconf 74' lang='lat' dir='ltr'>mediocres</span> <span class='ocrx_word' id='word_1_339' title='bbox 534 2337 562 2366; x_wconf 84' lang='lat' dir='ltr'>A</span> <span class='ocrx_word' id='word_1_340' title='bbox 668 2340 705 2367; x_wconf 78' lang='grc'>25</span> <span class='ocrx_word' id='word_1_341' title='bbox 731 2333 871 2377; x_wconf 83' lang='lat' dir='ltr'>pefiuat</span> <span class='ocrx_word' id='word_1_342' title='bbox 897 2336 936 2374; x_wconf 67' lang='lat' dir='ltr'>A,</span> <span class='ocrx_word' id='word_1_343' title='bbox 962 2332 1145 2377; x_wconf 78' lang='lat' dir='ltr'>praefluat</span> <span class='ocrx_word' id='word_1_344' title='bbox 1170 2335 1195 2365; x_wconf 92' lang='lat' dir='ltr'>B</span> <span class='ocrx_word' id='word_1_345' title='bbox 1293 2339 1331 2365; x_wconf 80' lang='grc'>26</span> <span class='ocrx_word' id='word_1_346' title='bbox 1357 2331 1462 2366; x_wconf 89' lang='lat' dir='ltr'>illum</span> <span class='ocrx_word' id='word_1_347' title='bbox 1489 2335 1550 2365; x_wconf 86' lang='lat' dir='ltr'>AB</span> 
     </span>
    </p>
   </div>
   <div class='ocr_carea' id='block_1_16' title="bbox 1577 745 1610 770">
    <p class='ocr_par' dir='ltr' id='par_1_17' title="bbox 1577 745 1610 770">
     <span class='ocr_line' id='line_1_45' title="bbox 1577 745 1610 770; baseline 0 0"><span class='ocrx_word' id='word_1_348' title='bbox 1577 745 1610 770; x_wconf 88' lang='grc'>10</span> 
     </span>
    </p>
   </div>
   <div class='ocr_carea' id='block_1_17' title="bbox 1577 1336 1610 1360">
    <p class='ocr_par' dir='ltr' id='par_1_18' title="bbox 1577 1336 1610 1360">
     <span class='ocr_line' id='line_1_46' title="bbox 1577 1336 1610 1360; baseline 0 0"><span class='ocrx_word' id='word_1_349' title='bbox 1577 1336 1610 1360; x_wconf 78' lang='grc'>20</span> 
     </span>
    </p>
   </div>
  </div>
 </body>
</html>
