1669 2545
85 87 146 121 ha.
159 90 407 129 158‚18—159‚
419 90 460 120 18
511 85 573 119 DE
595 85 964 120 CONDICIONIBVS
986 85 1092 120 ΑΘΗ.
1207 87 1235 117 (τ’
1247 99 1268 130 p
1348 87 1428 127 123

85 195 245 236 cardini
264 195 475 236 *maximis
507 195 717 235 maximus
747 193 985 235 latitudinis
1018 194 1169 235 modus
1200 194 1430 248 praescribi

85 255 220 308 debet,
240 254 390 296 deinde
409 253 601 308 quintam
620 268 831 307 quamque
852 252 1083 295 centuriam
1105 254 1338 295 includenti
1356 269 1431 308 per

85 314 326 356 decimanos
343 313 634 367 cardinesque3
652 313 782 366 <qui>
797 327 891 352 cum
907 312 1062 367 uiginti
1078 316 1119 354 et
1134 313 1319 367 quinque
1337 327 1429 354 cen—

84 374 217 414 turias
237 372 464 426 includant,
479 372 611 413 saltus
628 373 878 426 appellatur.
899 371 1153 425 quibusdam
1172 372 1431 427 regionibus,

43 450 58 473 3
86 447 181 474 cum
208 433 250 473 in
276 432 379 486 ipsis
405 431 596 472 incidant
623 431 754 483 uillis,
787 433 931 485 portas
959 430 1120 472 domini
1146 431 1344 473 uillarum
1373 431 1429 472 fa-

25 746 57 769 10

24 1340 56 1363 ‘20

84 492 202 533 ciunt
219 491 449 545 januasque
468 490 678 544 inponunt
698 492 740 531 et
758 505 903 531 seruos
920 489 1019 531 huic
1036 491 1210 546 negotio
1229 490 1281 531 ad
1298 493 1429 532 trans-

85 551 339 592 mittendum
359 549 566 604 populum
584 550 816 603 applicant,
837 550 1038 603 quoniam
1056 549 1332 591 utilissimum
1351 550 1431 591 iter

82 610 242 664 populo
269 610 429 651 seruari
451 609 612 650 debeat.
646 608 769 650 datur
795 611 936 649 autem
962 609 1033 649 uia
1059 624 1083 649 a
1102 609 1431 663 possessoribus,

83 672 130 710 ut
150 669 303 710 limites
324 671 563 723 occurrent3
590 668 669 709 hac
695 671 837 709 tamen
861 667 864 723 J
888 667 1149 718 condicione,
1176 671 1223 709 ut
1243 669 1277 710 si
1298 669 1430 722 <u>fl-
1469 674 1485 704 ’ἒ

83 729 147 770 lae
173 728 215 769 in
242 727 455 770 limitibus
481 728 645 782 positae
666 728 762 781 sint,
789 727 831 768 id
858 730 922 768 est
947 727 1105 769 limites
1127 728 1169 768 in
1191 728 1345 782 quibus
1371 730 1430 769 in-

83 788 242 840 cidunt,
267 787 500 841 <red>dant
529 801 603 842 per
628 801 754 842 agros
783 801 881 828 suos
909 787 989 829 iter
1013 787 1192 841 populo,
1219 787 1318 828 dum
1345 803 1431 829 non

83 848 265 889 deterius
293 861 420 901 quam
452 861 529 901 per
556 847 739 898 <u>illas
771 849 1000 887 transeant.
1041 846 1113 888 sed
1139 847 1342 900 quaedam
1372 847 1432 888 ita

83 907 245 961 positae
272 908 382 960 sunt,
409 909 456 947 ut
483 909 872 960 quantumcumque
897 906 947 948 de
966 905 1103 947 limite
1124 905 1344 948 deflectere
1364 921 1431 947 ue-

82 966 174 1021 lint,
197 966 513 1007 incommodum
534 966 614 1006 iter
633 966 867 1019 patiantur:
889 965 948 1006 ita
966 966 1202 1007 necessario
1223 980 1297 1020 per
1317 965 1431 1020 ipsas

40 1042 56 1067 5
82 1028 304 1067 transeunt
339 1025 475 1066 uillas.
519 1025 701 1066 limitem
737 1027 879 1066 autem
915 1040 1000 1066 non
1035 1028 1139 1079 puto
1174 1040 1429 1080 quemquam

83 1099 289 1139 occupare
310 1083 460 1126 debere
482 1084 672 1137 colende,
698 1087 745 1126 ut
764 1099 840 1138 per
860 1099 1008 1139 agrum
1031 1085 1112 1125 iter
1136 1085 1311 1126 reddere
1331 1086 1431 1127 mal·

82 1144 156 1186 let:
195 1144 386 1197 alioquin
418 1143 604 1185 deflexus
636 1144 716 1198 illi⁷
756 1144 830 1198 qui
862 1143 911 1184 de
944 1144 1079 1185 limite
1112 1144 1432 1198 detorquentur,

83 1204 218 1245 multo
247 1203 449 1244 maiorem
478 1206 688 1258 occupant
712 1203 897 1244 modum.

143 1262 367 1304 Centuriae
394 1265 534 1304 autem
562 1277 647 1303 non
673 1277 748 1317 per
770 1277 915 1304 omnes
942 1263 1138 1318 regiones
1165 1262 1345 1304 ducenta
1371 1263 1430 1304 iu-

83 1337 182 1378 gera
204 1322 416 1363 obtinent:
442 1323 486 1363 in
508 1322 761 1376 quibusdam
784 1322 1018 1363 ducentena
1044 1322 1150 1363 dena
1177 1322 1430 1376 inuenimus,

82 1382 125 1423 in
152 1381 403 1436 quibusdam
432 1381 668 1423 ducentena
694 1382 976 1437 quadragena.
1024 1381 1083 1422 ita
1110 1381 1305 1437 diligenti
1332 1397 1431 1424 cura

81 1444 124 1482 et
136 1441 241 1483 haec
255 1443 379 1482 erunt
393 1440 666 1495 respicienda,
681 1441 883 1495 quoniam
899 1444 940 1482 et
954 1441 1141 1482 limitum
1156 1456 1240 1482 non
1256 1443 1431 1496 aequale

80 1501 266 1556 spatium
299 1500 410 1541 inter
435 1500 596 1554 lapides
627 1501 682 1541 sit
709 1503 893 1555 oportet,
927 1501 961 1542 si
988 1500 1171 1555 amplius
1205 1516 1331 1555 quam
1361 1501 1431 1542 div

82 1562 259 1602 centena
284 1559 431 1615 iugera
457 1560 672 1601 centuriae
697 1559 866 1601 habent.
912 1563 959 1601 ut
985 1563 1088 1614 puta
1115 1560 1150 1601 si
1184 1560 1312 1602 habet
1339 1575 1431 1602 cen-

23 1637 37 1660 2
81 1620 194 1661 turia
225 1620 370 1675 iugera
403 1625 542 1673 CCXL,
581 1620 725 1672 si<n>t
757 1622 924 1674 oportet
956 1634 1032 1674 per
1064 1619 1330 1661 decimanum
1358 1623 1431 1662 aut

82 1679 293 1720 cardinem
330 1678 381 1719 ab
408 1677 549 1733 lapide
576 1679 628 1719 ad
659 1678 845 1733 lapidem
871 1682 990 1721 actus
1017 1686 1173 1732 XXIIII,
1207 1682 1249 1721 et
1275 1694 1349 1734 per
1375 1680 1432 1721 al-

82 1741 219 1779 terum
245 1738 424 1779 limitem
452 1740 571 1780 actus
597 1745 682 1779 XX:
713 1737 823 1793 [aut]
851 1741 917 1779 tot
943 1739 1056 1780 enim
1083 1742 1222 1793 actus,
1249 1753 1429 1793 quorum

80 1811 271 1840 numeros
305 1812 380 1852 per
412 1798 676 1839 decimanum
717 1813 762 1839 ac
799 1813 876 1852 per
914 1798 1126 1840 cardinem
1166 1798 1286 1839 datos
1321 1798 1431 1840 inter

81 1872 124 1898 se
162 1856 614 1911 multiplica<n>t[os]‚
651 1857 807 1898 facient
846 1863 1107 1898 CCCCLXXX.
1156 1857 1299 1911 itaque
1338 1858 1430 1899 dili-

140 1968 178 1995 20
204 1960 365 1996 Frontin.
384 1965 437 2004 14,
454 1965 490 2004 ὃς
517 1963 561 2005 cf.
583 1961 719 2008 Hygia.
742 1962 862 1996 Grom.
888 1966 1119 2005 135,15-—‘30

140 2064 155 2090 1
182 2055 350 2090 maximis
377 2067 443 2091 om.
464 2069 483 2098 p
565 2064 581 2090 2
608 2057 800 2091 includens
829 2060 895 2100 Gp,
923 2068 1011 2093 corr.
1036 2059 1137 2093 Goes.
1215 2065 1233 2091 3
1260 2058 1429 2092 cardines

82 2114 178 2148 quae
198 2115 279 2137 cum
302 2107 366 2147 Gp,
387 2114 477 2139 corr.
496 2105 595 2139 Goes.
666 2111 682 2138 5
703 2105 880 2139 incedant
901 2109 956 2147 Gp
1025 2112 1043 2138 8
1064 2105 1128 2139 uia
1150 2109 1214 2148 Gp,
1237 2105 1291 2139 ita
1312 2106 1381 2140 La.

81 2159 99 2185 9
126 2154 167 2185 ut
187 2150 326 2185 similes
347 2153 528 2195 occupent
548 2156 602 2194 Gp
670 2159 775 2186 9—10
800 2151 864 2186 ille
886 2156 952 2194 (ἔρ,
973 2164 1062 2188 corr.
1078 2153 1164 2199 Rz’y.
1232 2160 1269 2186 10
1295 2153 1429 2196 quibus

82 2203 148 2241 Gp,
175 2200 257 2241 fort.
278 2197 380 2232 uillis
403 2199 407 2242 Ι
429 2199 608 2233 incedunt
629 2203 682 2242 Gp
757 2206 879 2233 20—21
900 2200 1121 2241 inuenimus,
1146 2200 1184 2234 in
1205 2200 1429 2244 quibusdam

82 2247 290 2280 dueentena
306 2257 338 2287 p,
359 2256 423 2279 om.
438 2247 542 2281 GLa.
605 2253 642 2280 22
664 2246 858 2290 aequalem
878 2259 897 2289 p
966 2254 1004 2281 26
1025 2248 1072 2282 ad
1092 2247 1256 2292 lapidem
1275 2247 1360 2290 pG²‚
1382 2247 1428 2282 ab

81 2294 149 2328 l-m
164 2298 190 2327 G
245 2299 281 2327 27
301 2303 456 2336 quorum
471 2297 536 2335 Gp,
551 2305 617 2328 om.
633 2305 752 2330 omnes
767 2295 918 2330 editores
973 2302 1010 2329 28
1030 2306 1203 2330 numerus
1218 2306 1291 2340 eqo,
1305 2307 1428 2329 n-rum

82 2346 136 2390 (ΞΡ
155 2344 157 2387 ᾖ
176 2353 218 2376 ac
233 2340 404 2386 Turneb]
420 2342 485 2375 aut
497 2345 551 2384 Gp
610 2348 648 2376 29
662 2341 917 2390 multiplicant
930 2344 1073 2391 scripsi]
1088 2342 1358 2388 multiplicatos
1374 2346 1428 2389 Gp
