1669 2545
46 183 126 217 G28

70 355 129 389 Bs

77 579 134 625 (G)

39 628 70 662 A
85 636 136 662 166

79 769 138 804 Be

50 1150 83 1183 A
99 1157 147 1183 167

73 1196 102 1230 B
118 1205 150 1230 1ο

150 67 208 109 40
283 64 349 98 AB
642 54 829 91 AGENNI
848 51 1009 87 VRBICI
1178 48 1240 82 La.
1253 50 1308 88 80,
1323 51 1339 81 1
1354 63 1398 74 =
1410 48 1466 85 49,
1479 47 1497 78 7

211 174 338 216 Nunc
368 174 417 212 ut
449 169 500 210 ad
531 167 724 222 publicas
754 175 957 218 personas
983 157 1279 213 respiciamus,
1312 152 1502 196 coloniae

155 247 325 290 quoque
343 232 437 272 loca
452 227 656 283 quaedam
676 223 837 265 habent
857 220 1081 274 adsignata
1100 217 1142 257 in
1165 215 1314 256 alienis
1333 212 1503 264 finibus,

156 308 263 349 quae
294 292 387 333 loca
420 289 606 330 solemus
639 282 924 338 praefecturas
957 278 1182 332 appellare.
1234 281 1369 314 harum
1398 287 1505 323 prae-

156 350 396 387 fecturarum
427 344 636 390 proprietas
667 338 865 375 manifeste
892 336 938 370 ad
966 334 1115 369 colonos
1147 331 1328 377 pertinet,
1359 340 1433 363 non
1459 326 1507 361 ad

159 419 220 443 eos
247 416 404 450 quorum
430 402 518 435 fines
545 400 629 434 sunt
655 394 847 431 deminuti.
895 386 1033 427 solent
1060 385 1102 424 et
1130 379 1359 436 priuilegia
1386 390 1508 431 quae-

161 461 257 502 dam
275 457 429 498 habere
449 452 652 494 beneficio
669 447 923 503 principum,
944 447 990 485 ut
1008 443 1135 497 longe
1153 443 1196 482 et
1213 438 1387 480 semotis
1404 435 1509 477 locis

161 519 294 561 saltus
331 513 537 570 quosdam
572 510 735 550 reditus
772 519 899 548 causa
936 500 1188 555 acceperint.
1239 515 1396 549 quorum
1427 512 1512 547 pro-

161 576 300 622 prietas
326 571 540 607 indubitate
562 570 566 611 1
591 567 638 601 ad
664 577 725 599 eos
745 563 921 609 pertinet,
948 559 1083 605 quibus
1110 559 1167 592 est
1193 555 1404 599 adsignata.
1438 551 1514 586 alia

161 621 342 658 beneficia
363 620 477 654 etiam
495 615 679 660 quaedam
716 609 923 653 municipia
944 606 1167 651 acceperunt
1187 607 1224 639 et
1243 602 1414 647 priuatae
1434 610 1515 644 per-

165 681 287 710 sonae,
315 677 410 712 quae
430 666 476 699 de
499 661 731 708 principibus
757 658 832 693 illis
859 654 1090 699 temporibus
1116 652 1212 686 bene
1236 649 1461 684 meruerunt.

224 718 265 751 In
279 717 349 750 hac
367 710 619 749 controuersia
635 708 719 753 plus
736 704 933 751 potestatis
951 701 1065 736 habet
1083 701 1140 734 ius
1159 697 1388 733 ordinarium
1405 704 1517 738 quam

166 778 224 801 ars
244 761 440 799 mensoria.
474 759 520 793 ab
542 769 583 792 eo
605 756 704 791 enim
725 756 824 788 statu
844 752 890 785 lis
914 753 918 794 Ι
942 748 1086 793 incipit,
1107 746 1205 793 <ut>
1225 746 1269 779 de
1290 742 1518 788 proprietate

168 814 319 858 agatur,
351 820 426 843 non
452 807 496 840 de
521 806 619 840 loco:
653 813 826 837 mensura
858 800 983 833 autem
1010 795 1104 830 nihil
1137 792 1297 837 amplius
1328 801 1439 834 quam
1465 798 1520 822 se-

171 860 330 895 cundum
352 857 509 891 formam
529 853 651 887 locum
672 849 851 883 declarat.
891 846 929 879 in
949 844 1020 878 hac
1042 844 1166 878 autem
1187 836 1442 874 controuersia
1461 845 1520 869 ars

170 915 425 943 mensurarum
446 902 568 936 locum
589 898 790 933 secundum
813 894 940 934 habet,
967 890 1144 935 quoniam
1169 888 1272 932 prius
1299 885 1366 919 alii
1384 893 1522 918 uacan-

172 962 260 995 dum
287 960 353 1001 est,
380 968 424 991 an
453 953 600 999 agenda
627 952 674 986 sit
699 958 873 984 mensura
901 941 989 996 (fig.
1009 938 1096 993 35).

232 1015 302 1057 De
339 1009 666 1068 possessione
706 1008 961 1046 controuersia
999 1007 1053 1040 est
1084 997 1261 1051 (status)
1296 993 1524 1045 effect<i>ui,

176 1071 352 1118 quoniam
368 1069 528 1114 primum
546 1063 728 1110 possessio
746 1063 914 1104 tempore
933 1057 1104 1098 efficitur,
1123 1053 1267 1093 deinde,
1284 1053 1327 1085 ut
1343 1050 1390 1084 ad
1407 1048 1527 1083 solum

175 1119 428 1165 respiciamus,
444 1125 568 1149 omnes
584 1113 669 1146 ante
686 1110 804 1144 dictas
820 1103 1093 1141 controuersias
1108 1101 1225 1145 capit:
1245 1099 1275 1133 si
1293 1098 1392 1132 enim
1409 1095 1525 1130 solum

176 1168 393 1214 cogitemus,
419 1165 461 1197 ut
486 1160 656 1206 legitima
678 1160 682 1203 1
706 1154 888 1202 possessio
914 1151 1051 1197 inpleri
1076 1149 1207 1194 possit,
1232 1144 1503 1190 indubi(ta>te
1523 1165 1525 1187 3

178 1226 281 1259 locus
302 1220 499 1256 definiatur
518 1226 666 1251 necesse
689 1216 754 1248 est.
794 1213 831 1246 et
854 1211 900 1244 de
923 1210 995 1243 hac
1020 1203 1272 1241 controuersia
1297 1194 1529 1249 plurimum

179 1273 398 1319 interdicti
429 1269 616 1313 formula
646 1267 852 1321 litigatur.
905 1269 950 1302 de
978 1277 1050 1312 qua
1077 1266 1114 1300 et
1145 1265 1183 1298 in
1209 1261 1397 1307 superiore
1424 1259 1532 1303 parte

180 1338 431 1375 meminimus:
446 1335 606 1376 ideoque
620 1342 694 1365 non
706 1330 797 1374 put-o
813 1337 894 1361 eam
912 1325 1049 1359 iterum
1059 1319 1337 1356 retractandam
1347 1309 1532 1367 (fig,36)‚

240 1394 278 1436 D
290 1408 310 1434 e
338 1408 356 1433 S
365 1391 427 1433 ub
437 1405 455 1431 S
464 1390 478 1430 i
487 1403 509 1430 0
518 1388 567 1429 iu
576 1388 589 1428 i
599 1401 616 1428 S
647 1389 899 1426 controuersia
926 1388 981 1421 est
1008 1387 1128 1419 status
1156 1380 1330 1422 effectiui,
1357 1377 1534 1422 quoniam

184 1451 373 1487 subsiciua
398 1445 583 1482 nominari
610 1445 674 1478 aut
700 1440 829 1476 sentiri
862 1438 940 1472 sine
967 1435 1130 1480 quadam
1157 1431 1230 1466 1001
1262 1426 1534 1473 latitudine[m]

186 1502 251 1534 aut
282 1497 391 1532 modo
424 1506 497 1529 non
522 1492 688 1537 possunt.
726 1488 886 1530 ideoque
911 1483 1110 1519 manifeste
1137 1480 1294 1524 apparet
1323 1486 1434 1520 supra
1460 1474 1537 1508 dic-

186 1550 309 1582 tarum
336 1540 670 1579 controuersiarum
697 1538 817 1571 status
843 1534 881 1567 in
904 1558 1059 1567 ......
1082 1529 1214 1562 locum.

249 1672 333 1699 1—s
360 1662 569 1701 0011111116,
585 1659 699 1691 8-18
726 1656 963 1689 retractatum
1020 1655 1038 1681 3
1064 1645 1299 1692 praefectura
1318 1654 1354 1677 u.
1376 1639 1539 1674 Frontin.

193 1715 351 1756 15,-2—-4
400 1716 436 1742 16
456 1705 619 1741 Frontin.
634 1706 718 1746 6,13
769 1707 806 1735 22
827 1712 861 1734 u.
880 1711 916 1743 p.
930 1697 1179 1738 33,26—-35,2
1231 1698 1268 1725 24
1289 1687 1454 1724 Frontin.
1468 1690 1541 1728 8,7.

254 1875 270 1900 4
298 1863 545 1910 proprietates
568 1880 608 1883 —
632 1879 673 1883 —
694 1854 884 1901 pertinent
905 1856 931 1885 G
993 1858 1010 1883 6
1034 1847 1215 1883 beneficia
1235 1847 1308 1884 AB,
1329 1853 1418 1877 corr.
1435 1841 1519 1885 Riy.
1538 1846 1541 1884 ’1

195 1917 237 1949 ut
262 1913 354 1953 BA1,
381 1913 418 1945 et
441 1913 480 1951 A,
507 1906 606 1952 quod
629 1906 758 1940 Comm.
787 1905 792 1946 Ι
821 1903 858 1935 et
882 1900 960 1934 secl.
982 1899 1051 1932 La,
1083 1900 1086 1940 ᾖ
1115 1893 1268 1929 semotis
1293 1903 1313 1932 p
1340 1891 1379 1924 in
1403 1889 1545 1929 Comm.,

196 1961 348 1997 remotis
374 1961 483 1999 ABG,
511 1953 654 1989 simotis
680 1952 726 1984 A¹
820 1956 833 1981 7
863 1946 1077 1990 acciperunt
1107 1947 1134 1976 G
1225 1946 1243 1973 8
1269 1936 1481 1972 indubitate
1508 1937 1547 1976 G,

197 2008 368 2044 indubite
394 2008 456 2038 AB
553 2009 588 2035 12
615 2011 672 2034 ors
700 2002 728 2031 A
760 2000 764 2042 Ι
796 1994 929 2030 statuit
954 1993 1000 2026 lis
1027 1993 1067 2026 in
1093 1990 1214 2034 spatio
1239 1986 1361 2021 relicto
1387 1983 1470 2017 add.
1491 1980 1548 2024 13¹,

199 2067 282 2093 sser,
304 2055 350 2088 Α1
376 2053 437 2097 (-it
457 2055 541 2096 post
565 2048 720 2090 erasum)
749 2046 753 2089 1
781 2042 941 2087 incipiat
966 2043 994 2072 A
1023 2041 1027 2083 [
1056 2040 1097 2072 ut
1123 2036 1208 2072 add.
1233 2035 1316 2078 Rz‘y.
1420 2036 1456 2063 15
1483 2028 1548 2062 alii

201 2117 267 2150 del.
295 2114 449 2157 antiqua
474 2119 605 2144 manus
631 2108 671 2141 in
697 2108 725 2138 A
786 2110 819 2137 17
847 2101 911 2135 DE
937 2098 1022 2133 MN.
1044 2090 1361 2131 POSSESSIONE
1387 2092 1413 2122 B
1436 2090 1441 2132 Ι
1464 2087 1548 2122 add.

203 2164 286 2209 Riy.
360 2167 396 2193 19
423 2157 525 2202 capti
545 2159 618 2197 AB,
645 2153 747 2197 capit
766 2151 813 2184 A¹
835 2150 840 2195 ἱ
863 2148 894 2182 si
921 2146 1019 2181 enim
1041 2145 1095 2179 bis
1114 2146 1143 2176 Δ
1217 2147 1255 2174 2ο
1281 2136 1421 2182 expleri
1446 2135 1491 2168 Β1

203 2230 240 2256 22
266 2217 452 2255 interiecti
472 2219 545 2257 AB,
568 2225 658 2249 corr.
674 2213 758 2256 Ray.
833 2215 870 2241 24
896 2205 959 2240 DE
982 2203 1077 2239 MN.
1100 2197 1357 2235 SVBSICIVIS
1379 2194 1474 2230 MN.
1495 2196 1521 2226 B
1543 2193 1548 2237 l

205 2265 493 2304 controuersiast
519 2266 547 2295 A
667 2266 705 2293 26
738 2255 934 2291 manifeste
966 2262 1050 2287 δεον.
1077 2252 1139 2283 ΔΒ
1261 2252 1298 2278 27
1325 2244 1383 2277 his
1415 2241 1552 2276 habere

206 2316 346 2361 supplet
374 2313 475 2348 Goes.

1542 654 1575 680 10

1548 889 1581 916 15

1555 1150 1588 1176 20

1561 1432 1595 1459 25
