1669 2545
50 693 83 716 10

51 988 84 1012 15

51 1283 86 1307 20

51 1578 84 1604 25

107 70 436 112 La.78‚‘28==48,6
511 66 575 100 DE
596 64 978 100 CONTROVERSHS
998 64 1108 100 AGR.
1256 65 1325 99 AB
1400 65 1454 106 39

168 175 226 209 De
257 173 543 219 proprietate
575 171 737 217 [mundi]
765 171 1017 205 controuersia
1043 172 1099 206 est
1126 173 1245 205 status
1273 171 1454 205 effectiui:
1482 171 1541 205 B5

108 222 268 258 efficitur
288 221 387 255 enim
407 231 451 254 ex
471 219 640 254 omnibus
665 221 751 253 ante
772 219 882 252 dietis
903 219 1173 253 controuersiis.
1213 218 1277 252 sed
1298 229 1455 262 quarum

108 272 227 304 status
253 269 293 303 in
317 269 387 302 hae
412 266 666 312 propositione
692 266 797 299 inriti
822 266 1017 306 habentur,
1046 266 1122 299 dixi
1148 267 1185 299 et
1210 277 1331 309 supra.

168 319 232 361 De
251 318 511 373 proprietate
531 317 675 372 agitur
695 314 929 369 plurimum
956 315 1045 356 iure
1066 314 1294 367 ordinario,
1318 329 1455 368 neque

109 382 171 420 est
187 378 258 419 hic
277 390 570 418 mensurarum
588 375 867 427 interuentus,
886 374 969 414 nisi
991 388 1083 415 eum
1106 373 1336 427 quaeritur,
1358 388 1454 427 qua-

110 440 232 479 tenus
259 439 421 491 agatur.

168 495 413 550 Proprietas
439 495 582 547 <non>
607 507 693 534 uno
720 506 873 547 genere
899 492 1152 533 uindicatur.

168 555 223 596 Et
248 557 347 597 sunt
372 554 622 608 plerumque
646 552 750 607 agri,
776 554 823 592 ut
848 551 893 592 in
915 550 1147 604 Campania
1168 552 1213 591 in
1234 549 1457 603 Suessano,
1485 554 1513 587 G
1531 564 1562 587 23

110 615 225 666 culti,
252 615 326 668 qui
350 612 509 654 habent
535 612 579 653 in
605 614 750 652 monte
776 610 956 652 Massico
983 610 1131 665 plagas
1159 610 1363 650 siluarum
1392 609 1457 650 de-

109 674 372 724 terminatas,
400 686 577 725 quarum
601 671 805 711 siluarum
826 670 1065 724 proprietas
1089 669 1092 724 l
1116 677 1162 710 ad
1183 687 1275 720 quos
1294 675 1407 720 perti-
1435 674 1525 706 A165
1549 672 1599 706 136

109 751 195 774 nere
216 739 350 773 debeat
370 731 621 772 uindicatur.
657 744 753 770 nam
776 732 818 770 et
841 729 1002 770 formae
1022 728 1222 782 antiquae
1244 728 1459 768 declarant

110 794 169 834 ita
195 806 284 833 esse
313 791 318 845 Ι
348 790 631 845 adsignatum,
658 789 860 843 quoniam
887 788 978 829 solo
1006 788 1119 828 eulto
1146 787 1255 828 nihil
1280 787 1363 827 fuit
1390 787 1457 827 sil-
1486 789 1542 834 (G)

109 854 249 893 uestre
275 851 469 892 iunctum
495 849 610 903 quod
636 848 942 903 adsignaretur.

168 910 334 951 Relicta
366 912 466 950 sunt
492 912 533 949 et
558 908 694 949 inulta
719 908 831 960 loca,
864 921 971 961 quae
1000 906 1212 947 ueteranis
1245 905 1343 946 data
1375 919 1460 945 non

111 972 220 1011 sunt.
255 969 360 1010 haee
380 968 509 1009 uariis
536 966 896 1021 appellationibus
917 980 993 1020 per
1018 966 1212 1020 regiones
1239 965 1459 1005 nominan-

109 1033 196 1070 tur:
229 1029 271 1069 in
298 1027 472 1069 Etruria
504 1025 789 1067 communalia
819 1028 1045 1078 uocantur,
1079 1023 1332 1078 quibusdam
1365 1038 1458 1077 pro-

109 1088 263 1129 uinciis
294 1102 370 1141 pro
399 1087 592 1127 indiuiso.
627 1084 631 1140 1
666 1085 770 1127 haee
801 1085 889 1126 fere
920 1098 1076 1139 pascua
1109 1083 1234 1124 certis
1266 1083 1459 1137 personis
1488 1085 1565 1120 Cras

112 1147 208 1188 data
247 1149 346 1188 sunt
382 1145 645 1200 depascenda
682 1147 802 1196 tune,
825 1157 932 1201 ¹curn
969 1145 1064 1198 agri
1102 1142 1313 1197 adsignati
1350 1144 1458 1183 sunt.

110 1207 215 1248 haee
252 1220 410 1260 pascua
448 1205 572 1246 multi
609 1218 685 1259 per
719 1203 1058 1257 <in>potentiam
1094 1202 1344 1244 inuaserunt
1378 1199 1383 1258 Ι
1419 1203 1460 1242 et
1486 1204 1544 1238 Βτ

113 1265 274 1307 colunt:
314 1268 355 1305 et
391 1265 440 1305 de
476 1278 621 1305 eorum
655 1263 916 1317 proprietate
952 1261 1060 1304 solet
1094 1262 1159 1302 ius
1197 1261 1459 1302 ordinarium

111 1324 274 1366 moueri
305 1338 392 1364 non
425 1323 514 1364 sine
547 1324 792 1364 interuentu
817 1336 1129 1374 mensurarum,
1164 1321 1365 1374 quoniam
1393 1320 1460 1360 de-

111 1383 435 1425 monstrandum
462 1385 537 1436 est,
563 1384 772 1436 quatenus
800 1382 857 1421 sit
882 1380 1129 1435 adsignatus
1157 1394 1269 1434 ager.
1488 1381 1545 1426 (G)

169 1442 283 1486 Nam
315 1457 392 1496 per
427 1441 663 1496 emptiones
700 1441 903 1495 quasdam
941 1440 1048 1481 solet
1085 1438 1324 1493 proprietas
1361 1453 1459 1492 qua-

111 1502 287 1544 rundam
315 1502 632 1555 possessionum
660 1500 711 1540 ad
737 1500 984 1554 <priuatas>
1007 1513 1209 1553 personas
1236 1498 1458 1552 pertinere.

112 1576 218 1616 quae
249 1562 340 1602 iure
371 1561 507 1615 magis
540 1559 752 1601 ordinario
781 1574 908 1613 quam
942 1558 1150 1599 mensuris
1183 1558 1459 1611 explicantur.

169 1691 185 1717 1
211 1683 374 1718 Frontin.
390 1687 422 1724 6,
438 1688 457 1716 3
532 1689 632 1715 8-11
659 1683 703 1724 cf.
725 1681 889 1715 Frontin.
907 1685 938 1723 6,
954 1684 1045 1714 3-7
1120 1686 1222 1713 8ψ12
1250 1679 1387 1713 Comm.
1405 1682 1461 1721 63,

112 1735 202 1766 6-9
223 1734 456 1766 retractatum
542 1736 664 1763 15—16
683 1730 728 1772 cf.
750 1728 914 1763 Frontin.
931 1731 963 1771 6,
976 1731 1091 1761 9—-10
1178 1733 1301 1760 17—22
1323 1726 1459 1760 Comm.

113 1782 168 1822 63,
185 1782 322 1812 15—18
348 1782 581 1812 retractatum
679 1783 804 1809 23——25
830 1777 875 1818 cf.
897 1775 1060 1809 Frontin.
1084 1779 1116 1817 6,
1134 1777 1269 1807 11—12

171 1898 187 1924 1
219 1891 282 1924 DE
314 1890 389 1923 MN
420 1888 757 1924 PROPRIETATE
790 1888 866 1933 (DE
896 1886 1200 1922 PROPIETATE
1227 1888 1268 1930 A)
1301 1884 1462 1918 MVNDI

113 1937 365 1973 controuersia
391 1940 470 1980 AB;
496 1949 532 1972 u.
556 1937 644 1971 ‘Die
665 1937 766 1971 Hss.’
789 1938 836 1970 30
859 1937 863 1979 Ι
887 1936 1048 1969 statutus
1075 1933 1229 1968 effectibi
1254 1937 1283 1966 A
1362 1939 1379 1965 ὅ
1406 1933 1462 1966 est

114 1986 201 2031 La.]
229 1985 326 2020 enim
351 1988 412 2018 AB
442 1986 446 2028 1
476 1995 559 2018 eum
586 1984 778 2027 quaeritur
801 1983 919 2028 G-oes]
946 1981 1185 2025 conqueritur
1210 1984 1247 2021 B,
1275 1978 1461 2022 conquiri-

113 2034 174 2067 tur
199 2036 228 2066 A
312 2039 330 2066 8
356 2034 394 2066 et
420 2032 507 2078 Lm]
535 2042 579 2066 ea
604 2034 666 2064 AB
754 2035 772 2065 9
799 2031 966 2064 habeant
992 2033 1021 2062 A
1049 2031 1053 2073 Ι
1081 2028 1220 2062 marico
1247 2030 1327 2068 AB,
1357 2036 1461 2059 mons

114 2081 233 2114 aricus
259 2081 300 2114 in
320 2080 379 2125 ᾖς.
395 2082 441 2114 35
467 2083 497 2112 A
569 2085 688 2112 10—11
715 2078 763 2112 ad
784 2089 874 2122 quos
895 2099 939 2102 -
962 2077 1097 2110 debeat
1122 2087 1166 2110 εκ
1185 2075 1368 2110 Frontino
1390 2076 1424 2115 6,
1440 2076 1462 2106 6

112 2128 182 2162 hue
206 2131 384 2162 uenerunt
468 2133 501 2160 11
528 2125 744 2160 uindicatur
769 2128 848 2167 AB,
881 2124 1069 2158 iudicatur
1096 2123 1165 2157 La.
1250 2128 1286 2155 15
1315 2131 1382 2165 per
1406 2131 1460 2154 re-

114 2174 286 2220 gionibus
313 2177 342 2207 A
426 2181 460 2207 17
487 2185 554 2217 pro
580 2172 744 2206 indiuisa
770 2175 846 2214 AB,
876 2184 910 2206 u.
937 2175 970 2213 6,
986 2174 1032 2205 10
1117 2176 1238 2203 18-19
1264 2170 1351 2202 tune
1379 2178 1461 2201 eum

114 2233 245 2267 agrum
267 2223 372 2265 (corr.
389 2222 488 2266 Riy.)
511 2242 555 2245 —
573 2242 616 2245 —
638 2230 778 2264 pascua
797 2222 871 2262 AB,
899 2219 963 2253 sed
990 2218 1028 2251 in
1055 2216 1240 2251 communi
1267 2225 1361 2259 quae
1388 2218 1414 2246 G

112 2275 150 2303 19
170 2269 254 2303 add.
267 2269 336 2303 La.
393 2274 431 2302 20
451 2269 489 2302 et
503 2268 547 2302 de
562 2271 637 2309 AB,
652 2268 697 2301 de
713 2271 739 2300 G
794 2273 832 2300 22
853 2266 1093 2310 adsignatum
1107 2267 1135 2297 A
1191 2269 1229 2297 23
1250 2263 1344 2296 Nam
1360 2261 1460 2306 Ray]

113 2327 187 2351 non
213 2319 292 2358 AB;
318 2316 362 2358 cf.
388 2318 481 2357 3634
557 2322 593 2348 24
620 2313 889 2358 possessionem
915 2316 940 2345 B
969 2313 974 2357 Ι
1002 2312 1170 2356 priuatas
1197 2310 1280 2344 add.
1303 2309 1461 2349 chdorfl
