1669 2545
73 1492 176 1526 AGF

207 72 258 112 14
332 68 399 104 ΑΕ
697 69 793 106 IVLI
820 69 1050 105 FRONTINI
1183 70 1245 106 La.
1267 74 1322 114 30,
1339 75 1486 113 14--31‚
1505 74 1546 106 10

201 180 396 235 iugerum
430 179 648 220 definiunt.
711 180 861 221 deinde
899 179 1004 221 haec
1037 180 1118 221 duo
1151 180 1298 234 iugera
1330 180 1474 221 iuncta
1504 181 1548 221 in

202 254 333 280 unum
362 238 616 292 quadratum
648 253 796 294 agrum
830 239 1033 293 efficiunt,
1066 239 1177 293 quod
1211 239 1296 280 sint
1327 239 1372 280 in
1401 253 1548 280 omnes

203 302 343 352 partes
371 301 488 339 actus
514 297 603 339 bini
631 298 675 339 in
701 298 813 340 hunc
838 298 1011 340 modum
1033 298 1121 354 (fig.
1142 296 1228 353 30).
1269 298 1440 352 quidam
1465 298 1549 352 pri·

204 373 321 398 mum
353 358 613 412 appellatum
641 357 786 399 dicunt
813 360 970 400 sortem
1004 360 1045 399 et
1071 358 1229 399 centies
1256 357 1429 398 ductum
1456 371 1549 398 een-

202 417 343 471 turia<
346 418 426 470 m).
478 420 576 457 sunt
603 417 676 471 qui
702 418 934 458 centuriam
968 417 1172 458 maiorem
1204 417 1376 458 modum
1410 416 1548 471 appel-

144 493 156 517 τ
202 477 308 530 lant,
358 479 405 517 ut
451 475 682 518 Cremonae
731 476 884 518 denum
935 479 977 517 et
1027 477 1246 518 ducenum.
1285 477 1290 530 Ι
1328 479 1427 517 sunt
1477 475 1549 530 qui

204 535 428 589 minorem,
467 538 513 576 ut
550 536 593 576 in
630 534 755 577 Italia
792 536 1158 589 triumuirale<m>
1196 536 1390 591 iugerum
1430 536 1549 589 quin—

204 610 454 650 quagenum.
489 619 542 623 —
575 594 687 636 Nam
727 599 767 636 et
805 609 950 636 omnes
992 595 1035 635 in
1075 595 1299 636 subsiciuis
1337 598 1549 636 extremae

203 655 433 707 centuriae,
467 668 572 708 quae
606 669 691 695 non
723 657 821 695 sunt
855 654 1099 708 quadratae,
1137 656 1181 696 in
1214 654 1358 696 eadem
1389 668 1549 708 perma-

202 717 304 755 nent
337 713 634 768 appellatione.

263 772 497 827 Optima-[e]
526 787 625 828 ergo
654 787 700 814 ac
724 773 944 814 rationalis
972 788 1171 828 agrorum
1200 772 1448 814 constitutio
1475 775 1551 826 est,

204 833 322 874 cuius
362 832 568 874 decimani
607 833 658 874 ab
699 833 860 874 oriente
905 834 949 873 in
993 832 1253 874 occidentem
1299 832 1550 886 diriguntur,

204 891 400 933 kardines
434 907 457 932 a
488 891 721 932 meridiano
754 892 799 932 in
831 892 1162 946 septentrionem
1196 890 1252 947 (v.
1280 892 1348 947 fig.
1377 890 1464 947 30).

262 951 389 992 Multi
422 950 621 992 mobilem
652 950 755 991 solis
788 954 929 992 ortum
956 954 996 991 et
1030 965 1223 993 oceasum
1258 950 1388 993 secuti
1417 951 1550 991 uaria-

203 1013 302 1051 runt
327 1010 437 1051 hano
463 1011 681 1051 rationem.
725 1010 785 1051 sic
811 1010 1014 1064 uti<que>
1042 1010 1236 1051 effectum
1263 1013 1338 1064 est,
1369 1012 1417 1051 ut
1443 1010 1550 1050 deci-

204 1071 318 1110 mani
360 1072 601 1123 spectarent
641 1084 692 1110 ex
734 1084 817 1123 qua
857 1072 978 1123 parte
1018 1070 1083 1110 sol
1125 1084 1172 1110 eo
1214 1072 1421 1124 tempore,
1466 1083 1549 1122 quo

203 1143 400 1170 mensura
440 1131 534 1170 aeta
574 1131 656 1183 est,
698 1129 922 1170 oriebatur.
980 1132 1021 1170 et
1058 1128 1202 1182 multi,
1243 1142 1296 1169 ne
1334 1128 1550 1182 proximae

203 1188 393 1230 coloniae
430 1188 639 1230 limitibus
678 1188 894 1230 ordinatos
932 1188 1091 1229 limites
1130 1188 1364 1242 mitterent,
1406 1190 1551 1228 exacta

203 1247 477 1289 conuersione
516 1247 873 1301 di<s>creuerunt
936 1250 978 1288 et
1015 1247 1075 1288 sic
1112 1262 1188 1301 per
1224 1250 1365 1288 totum
1404 1246 1551 1288 orbem

203 1311 409 1348 terrarum
463 1310 526 1348 est
578 1321 855 1361 unaquaeque
914 1307 1101 1348 limitum
1154 1306 1422 1360 constitutio,
1478 1305 1550 1347 ubi

204 1366 398 1421 proxima
420 1401 426 1407 .
449 1401 454 1406 .
479 1400 485 1407 .
520 1364 609 1422 (fig.
637 1366 724 1423 31).

661 1450 667 1456 .
731 1449 738 1457 .
1288 1424 1350 1457 La.
1366 1426 1422 1466 26,
1437 1426 1551 1457 5—10

264 1484 373 1526 Sunt
411 1487 452 1526 et
490 1485 596 1526 aliae
634 1486 819 1526 limitum
853 1485 1139 1539 condiciones,
1179 1499 1286 1538 quae
1323 1484 1375 1525 ad
1413 1483 1553 1525 solum

204 1559 291 1586 non
327 1544 542 1599 pertinent
582 1544 615 1599 [‚
647 1544 729 1586 hoc
767 1547 830 1586 est
868 1544 920 1585 ad
959 1547 1091 1585 artem
1130 1543 1351 1598 nostram]
1415 1542 1550 1584 solum

264 1670 282 1695 6
308 1663 352 1706 cf.
376 1663 443 1696 Sic.
466 1662 585 1696 Flacc.
606 1665 682 1704 123,
699 1665 742 1695 20
769 1661 977 1695 ducentena
1004 1661 1099 1695 dena
1204 1667 1323 1694 11—13
1349 1661 1393 1703 cf.
1415 1659 1550 1704 Hygin.

206 1713 327 1744 Grom.
351 1714 435 1751 144,
458 1713 499 1744 12
616 1716 745 1742 14—17
774 1709 910 1753 Hygia
935 1708 1056 1743 Groui.
1080 1712 1163 1751 135,
1188 1712 1307 1750 1-—33
1339 1708 1384 1750 cf.
1415 1711 1479 1741 146

206 1765 326 1791 17-19
355 1757 488 1803 Hygin.
511 1756 632 1791 Grom.
657 1760 733 1799 135,
751 1760 864 1790 7-10

205 1865 271 1888 om.
293 1856 320 1886 Ε
349 1854 353 1894 1
383 1853 511 1886 dicunt
535 1853 666 1895 scripsi
692 1852 943 1895 (cf112.14,4)‚
970 1851 1109 1885 dictum
1136 1854 1210 1885 ΔΕ.
1252 1850 1444 1885 Lacunam
1470 1854 1553 1884 ante

205 1902 269 1935 hoc
294 1901 436 1935 verbum
461 1900 555 1943 falso
581 1899 764 1933 indicauit
791 1900 859 1933 La.
891 1901 895 1942 s
923 1898 969 1932 Hi
997 1902 1037 1939 A,
1064 1898 1094 1931 si
1120 1901 1147 1931 E

265 1956 279 1981 1
306 1947 496 1981 diffiniunt
527 1951 553 1980 E
595 1950 598 1990 Ι
640 1946 712 1980 duo
745 1958 811 1981 om.
838 1949 866 1978 A
973 1953 990 1978 6
1023 1946 1157 1979 denum
1190 1947 1227 1979 et
1260 1944 1443 1979 ducenum
1469 1945 1551 1987 La.‚

208 1995 333 2029 decem
361 1997 397 2029 et
423 1995 621 2029 ducentam
649 1993 822 2037 (ducenta
848 1995 889 2031 Ε)
916 1996 980 2026 AE
1053 1999 1090 2026 13
1115 1992 1290 2026 kardines
1317 1995 1356 2034 A,
1385 1991 1552 2025 cardines

207 2045 244 2077 et
263 2046 290 2076 Ε
313 2045 317 2087 Ῑ
340 2043 376 2076 in
399 2045 438 2084 A,
465 2042 512 2076 ad
532 2045 559 2075 E
620 2049 656 2074 14
682 2040 838 2075 mobiles
863 2045 890 2074 E
914 2044 917 2084 1
941 2039 1058 2074 secuti
1078 2044 1117 2080 Ε,
1144 2040 1240 2074 sicut
1260 2042 1288 2072 A
1346 2045 1468 2072 14—15
1487 2049 1553 2072 ua-

206 2092 345 2124 riarum
370 2093 410 2133 A,
436 2090 678 2124 uariauerunt
703 2092 731 2121 Ε
814 2095 849 2121 15
875 2088 1063 2134 uti<que>
1092 2089 1159 2121 La.
1240 2094 1274 2120 17
1302 2087 1553 2132 proximarum

207 2142 251 2180 E;
271 2138 322 2181 cf.
341 2137 385 2171 H
383 2139 481 2183 yyz'n.
497 2137 617 2171 Grom.
631 2139 712 2178 135,
725 2139 746 2170 7
764 2137 1014 2179 marmarum
1035 2136 1257 2169 coloniarum
1332 2141 1368 2167 19
1388 2134 1554 2168 dicreue-

207 2187 294 2219 runt
312 2188 352 2226 A,
379 2184 655 2228 descripserunt
673 2187 712 2225 E,
739 2194 826 2218 corr.
848 2184 916 2217 La.
941 2186 944 2226 1
968 2182 1017 2216 sit
1036 2186 1065 2215 A
1150 2189 1187 2215 :22
1209 2183 1295 2216 Huc
1316 2183 1432 2226 recepi
1451 2182 1552 2227 fray-

209 2237 376 2275 mentum,
393 2232 488 2276 quod
504 2236 648 2276 propter
661 2232 776 2265 simile
791 2231 937 2265 initium
951 2232 1100 2264 ultimae
1114 2231 1441 2264 eontrouersz‘armn
1452 2230 1554 2273 parti

210 2284 266 2323 10,
279 2282 408 2314 14—18
428 2279 494 2314 Est
511 2281 548 2314 et
564 2278 837 2313 controuersiae
855 2289 970 2323 genus
989 2277 1087 2321 quod
1104 2276 1151 2311 ad
1170 2277 1288 2311 solum
1304 2287 1377 2310 non
1391 2275 1554 2320 pertinet

208 2349 241 2353 -
256 2349 288 2353 —-
303 2327 593 2372 disputationem
615 2328 652 2360 in
669 2327 850 2360 codicibus
863 2326 958 2368 falso
972 2325 1150 2358 adneoeum
1167 2328 1214 2358 est
1289 2331 1325 2357 23
1345 2325 1465 2358 seclus.
1484 2324 1551 2357 La⁴

1576 732 1610 756 10

1579 1027 1610 1051 15

1576 1325 1611 1351 20
