1669 2545
43 812 74 834 10

101 90 562 132 La.90,18—21.1‚6—15
613 87 676 122 DE
697 87 1153 122 CONTROVERS.AGR.
1205 88 1344 121 ABFP
1394 89 1446 128 ΞΑ

101 197 220 231 multa
246 197 332 230 sunt
355 196 394 229 in
420 194 649 239 professione
670 204 765 237 quae
786 193 1011 237 generaliter
1030 205 1096 237 pro
1117 193 1216 227 ueris
1237 193 1450 236 offerantur,
1478 197 1503 229 F
1521 203 1573 231 ιο*

101 243 220 278 multa
242 254 338 288 quae
365 242 588 287 specialiter,
615 241 800 285 quaedam
825 251 921 284 quae
948 240 1266 285 argumentaliter.
1307 241 1450 276 coniec-

100 291 274 325 turaliter
298 290 411 324 etiam
437 288 586 323 mentiri
613 287 773 322 artifices
801 290 993 332 coguntur.
1427 291 1465 331 (A
1483 291 1594 335 ssFP)

106 363 1448 374 .....................

511 477 763 546 [AGGENI
804 476 1040 544 VRBIOI]

100 578 556 629 <COMMENTVM
584 578 673 615 DE
702 576 1018 615 AGRORVM
1051 576 1322 624 QVALJTA
1337 578 1453 622 ΤΕ.)

161 655 395 701 suscepimus
422 655 625 700 qualitates
653 665 825 700 agrorum
858 654 1074 688 tractandas
1102 656 1214 697 atque
1240 654 1351 698 plano
1380 666 1451 688 ser-

101 715 208 739 mone
228 707 266 738 et
284 703 408 737 lucido
429 702 679 747 exponendas,
707 704 745 735 et
770 701 942 735 uolumus
967 704 1010 735 ut
1036 712 1080 735 ea
1100 712 1195 745 quae
1223 712 1244 735 a
1262 701 1451 736 ueteribus

101 752 256 787 obscuro
283 761 450 786 sermone
476 750 688 794 conscripta
715 750 801 783 sunt
827 749 992 793 apertius
1019 751 1056 783 et
1081 748 1366 793 intellegibilius
1390 760 1451 783 ex-

99 809 236 844 ponere
257 799 303 833 ad
324 798 563 832 erudiendam
586 797 818 842 posteritatis
839 796 1038 830 infantiam
1059 798 1096 830 et
1116 807 1189 840 quo
1204 796 1348 830 dulcius
1369 808 1451 840 pos-

101 847 149 881 sit
177 845 413 890 disciplinam
445 848 621 890 appetere
648 856 759 889 quam
785 844 927 878 timere.
972 854 1056 877 nam
1087 844 1302 888 primaeuae
1336 844 1451 877 aetati

100 905 211 938 quam
238 893 313 927 sint
331 893 477 927 radices
498 893 752 926 amarissimae
778 891 1001 931 litterarum,
1028 891 1186 925 scientes
1213 890 1358 925 litteras
1380 903 1451 925 nou

100 941 288 987 ignorant:
317 940 477 985 ideoque
496 940 551 974 ita
570 939 725 984 planum
752 939 909 972 facimus
935 939 1017 978 iter,
1045 940 1085 972 ut
1105 940 1280 972 exeuntes
1308 949 1329 972 a
1354 939 1451 982 prio—

99 988 200 1023 ribus
221 988 355 1023 studiis
375 987 597 1028 litterarum,
618 988 656 1021 in
676 987 733 1020 his
755 986 926 1020 secundis
947 997 990 1020 ac
1010 985 1228 1020 liberalibus
1250 987 1453 1027 uenientes,

158 1090 193 1116 14
220 1084 264 1126 cf.
288 1082 492 1117 Cassiodor.
507 1082 643 1116 Variae
669 1081 717 1114 lII
742 1085 797 1123 5⁶2,
816 1085 832 1114 7

160 1185 175 1211 1
196 1177 398 1212 offerantur
417 1180 523 1219 ABP,
551 1176 753 1210 afferantur
768 1177 917 1217 Alciati,
945 1175 1180 1209 subiciuntur
1200 1179 1225 1208 F
1294 1182 1310 1207 ⁶2
1335 1175 1453 1208 multa

102 1236 197 1268 quae
230 1225 442 1269 specialiter
471 1236 536 1258 om.
558 1228 585 1257 F
619 1226 624 1268 1
658 1223 845 1267 quaedam
878 1233 973 1266 quae
1006 1222 1314 1267 argumentaliter
1345 1225 1451 1263 ABP,

102 1275 139 1307 et
159 1273 309 1316 quidem
330 1283 425 1316 quae
446 1271 660 1315 specialiter
679 1275 716 1312 F,
741 1271 926 1314 quaedam
947 1281 1043 1314 quae
1064 1270 1295 1315 argumentis
1313 1271 1454 1304 Alcz'ati

102 1323 153 1362 (u.
178 1321 265 1354 ‘Die
291 1320 392 1354 Η,ςεῖ
422 1323 483 1362 41)
587 1326 684 1352 2-3
714 1317 1015 1352 coniecturaliter
1041 1320 1120 1360 AB,
1153 1317 1336 1360 quaedam
1368 1328 1452 1351 con-

100 1367 331 1402 iecturaliter
361 1371 403 1408 P,
439 1378 505 1400 cm.
533 1367 691 1408 Alciatz',
726 1367 840 1400 nescio
873 1377 923 1399 au
954 1369 1044 1400 recte
1148 1372 1166 1397 3
1198 1365 1348 1398 mentiri
1382 1367 1452 1406 BP,

100 1415 216 1448 menti
245 1418 290 1456 A,
323 1414 447 1448 metiri
479 1418 506 1447 F
540 1416 544 1458 Ι
580 1413 778 1458 coguntur]
811 1413 956 1447 Deinde
988 1412 1138 1446 AGENI
1169 1411 1329 1446 VRBICI
1362 1411 1448 1444 LIB¹

102 1461 320 1497 EXPLICIT
347 1461 465 1506 (EXP.
489 1463 531 1506 A)
557 1464 619 1494 AB

621 1531 934 1567 COMMENTVM

160 1586 233 1621 Ubi
252 1598 350 1620 nunc
371 1587 505 1620 desunt
530 1585 622 1619 folia
642 1585 679 1618 in
700 1589 724 1618 P
746 1586 875 1628 (usque
897 1585 945 1618 ad
964 1597 999 1628 p.
1013 1588 1068 1627 66,
1082 1587 1151 1628 20),
1179 1584 1342 1617 citantur
1363 1588 1388 1616 G
1416 1586 1452 1616 et

101 1647 120 1676 p
148 1636 196 1675 et,
223 1634 253 1668 si
279 1634 306 1667 ii
333 1633 570 1676 dissentiunt,
596 1633 648 1668 Si.
676 1632 858 1677 (Sichard,
886 1631 972 1666 Cod.
995 1632 1175 1665 Theodos.
1204 1631 1313 1665 Basel
1335 1634 1450 1667 1528).

161 1681 314 1726 Propria
334 1680 636 1715 commentatoris
656 1679 775 1725 ignoti
796 1679 911 1713 uerba
932 1680 1059 1714 luttm's
1078 1678 1214 1713 litteris
1236 1678 1451 1718 minoribus,

102 1729 225 1762 aliena
245 1730 366 1763 certae
386 1728 541 1773 originis
562 1728 720 1762 cursiuis
739 1726 874 1761 litteris
898 1726 1103 1761 minoribus
1123 1726 1293 1770 impressi
1315 1727 1351 1759 et
1371 1726 1449 1769 qui-

103 1777 185 1810 dem
205 1776 372 1810 Frontini
393 1776 508 1809 uerba
527 1775 625 1810 notis
647 1774 836 1809 citationis
863 1774 1028 1808 distinxi.
1068 1773 1170 1815 Quae
1196 1773 1360 1807 incertae
1380 1773 1450 1806 ori-

102 1823 200 1868 ginis
221 1825 317 1865 sunt,
338 1823 540 1857 maioribus
559 1822 695 1856 litteris
715 1821 844 1856 latinis
865 1822 1071 1866 desig-naui.
1110 1821 1223 1866 Signo
1244 1820 1257 1860 I
1278 1822 1450 1863 excerpta

103 1871 272 1911 disci-eui,
301 1871 406 1915 signo
425 1873 443 1891 V
466 1871 580 1904 uerba
606 1869 751 1913 aliquot
776 1869 814 1902 in
835 1869 984 1903 citando
1006 1869 1142 1902 omissa
1169 1879 1246 1902 esse
1273 1867 1447 1901 indica-ui.

160 1979 177 2004 5
202 1971 428 2016 Quamquam
444 1972 484 2004 iu
503 1972 624 2014 priore
642 1974 745 2014 parte
756 1971 962 2005 Frontinus
979 1970 1051 2011 fere
1069 1970 1179 2009 susus,
1200 1969 1236 2002 ῶν)
1256 1969 1450 2011 posteriore

96 2023 242 2062 praeter
256 2019 465 2064 Ayeuuium
482 2018 690 2053 Frontinus
709 2023 742 2052 et
761 2019 937 2062 Hymnus
957 2018 1130 2058 citantur,
1158 2026 1284 2050 nomeu
1305 2016 1450 2059 Asscmez'

102 2067 186 2100 huie
196 2067 338 2100 ceutomt
348 2066 460 2100 ludim
465 2067 596 2111 aqistri
605 2066 740 2100 Christi
742 2066 808 2099 am*
818 2065 898 2099 ideo
909 2065 1111 2108 impositum
1126 2068 1186 2104 est,
1195 2063 1289 2106 quod
1299 2063 1339 2095 in
1350 2063 1447 2096 excitu

102 2114 232 2148 ultima
247 2125 338 2157 pars
353 2114 499 2158 Ayeuui
519 2113 683 2155 affertur,
701 2113 763 2147 eui
782 2113 823 2146 iu
842 2112 1025 2147 codicibus
1044 2113 1105 2143 AB
1126 2111 1190 2144 hoc
1208 2110 1449 2152 subscriptum

102 2165 169 2195 est.-
187 2159 338 2194 AGENI
357 2159 518 2195 VRBICI
536 2159 679 2193 LIBER
697 2158 916 2193 EXPLICIT
939 2159 943 2203 Ι
966 2157 1149 2191 AGGENI
1170 2160 1197 2190 G
1209 2156 1272 2199 821,
1298 2156 1447 2189 AGEN-

104 2207 153 2241 DI
171 2220 191 2249 p
265 2215 283 2240 6
309 2208 373 2242 Ex
391 2208 651 2252 subscriptione
673 2219 709 2250 p.
726 2210 772 2241 58
797 2207 928 2241 addidi
1001 2212 1018 2237 8
1044 2206 1087 2238 ut
1110 2205 1252 2247 frustra
1277 2204 1342 2238 del.
1360 2204 1448 2239 La..-

102 2267 137 2289 u.
160 2255 334 2297 Ldfstedt,
358 2256 607 2300 Pereyriuatio
629 2255 829 2295 Aetheriae,
858 2254 1020 2297 Uppsala
1040 2255 1145 2293 1911,
1165 2254 1257 2293 250;
1283 2251 1327 2292 cf.
1350 2254 1407 2291 95,
1424 2252 1448 2282 ,9

103 2345 137 2371 14
163 2337 355 2372 uenientes
383 2337 483 2379 esi„
510 2310 686 2379 fagientes
712 2348 732 2378 p
