1669 2545
38 739 71 764 10

39 1027 71 1053 15

42 1325 74 1349 20

45 1620 76 1645 25

92 75 236 109 [131143
403 74 465 108 DE
493 73 862 109 CONDICIONIBVS
890 74 1129 109 AGRORVM
1251 76 1277 109 P
1356 76 1437 116 107

92 184 185 224 1000
200 182 371 224 termini
388 183 603 224 obseruari
617 182 844 235 uidebitur,
863 197 913 222 ex
932 183 1236 224 consuetudine
1255 184 1440 239 regionis

94 245 136 284 et
161 257 212 283 ex
239 242 391 283 uicinis
418 243 609 295 exempla
636 241 837 282 sumenda
864 245 973 282 sunt.

154 300 406 356 Supercilia,
439 300 489 341 de
516 301 669 354 quibus
700 301 958 341 mentionem
986 301 1134 354 habui,
1168 302 1203 342 si
1230 302 1356 342 finem
1383 302 1442 342 fa-

95 362 224 414 cient,
262 360 512 401 intuendum
547 359 645 412 erit,
680 359 723 399 in
759 362 963 412 quantum
1003 360 1189 414 spatium
1225 360 1440 402 deuexitas

95 420 311 474 supercilii
350 419 617 471 extendatur,
656 433 708 459 ne
746 433 868 459 mons
908 419 1180 472 supercilium
1220 420 1291 460 sit:
1332 421 1442 460 intra

95 493 253 534 paucos
279 479 390 519 enim
423 477 549 544 pedes
581 478 804 531 supercilia
830 478 1037 519 uocabula
1064 478 1289 544 accipiunt.
1336 494 1443 532 quae

95 541 237 579 tamen
274 552 408 592 usque
452 538 495 578 in
539 537 760 591 planitiam
805 552 855 577 ex
897 537 1105 590 superioii
1147 541 1347 592 uergunt,
1392 538 1443 577 ad

95 597 332 650 superiores
357 611 620 651 possessmes
647 596 871 649 pertinent.
907 596 1114 650 quidquid
1134 597 1246 637 enim
1267 597 1444 638 interior

94 670 315 711 possessor
347 656 391 696 in
423 655 513 697 solo
547 670 622 697 suo
655 657 763 710 agit,
796 655 947 696 damno
981 656 1212 709 superioris
1244 656 1304 696 fit
1355 656 1443 696 siue

96 717 187 757 aret
213 714 301 756 siue
327 714 478 768 fodiat,
511 715 697 756 detrahit
727 714 960 769 pendentes
988 730 1038 755 ex
1065 716 1273 768 supe1i01i
1299 718 1443 756 terras

97 775 132 815 si
169 788 270 815 uero
311 776 512 830 congerat
551 777 623 814 aut
663 774 817 815 adiciat
856 774 975 827 quid,
1015 774 1066 814 ad
1105 774 1325 828 superiora
1359 789 1444 815 non

96 833 297 875 ascendit.
341 834 401 874 ita
426 834 530 874 haec
556 848 681 874 causa
707 833 856 886 efficit,
888 836 934 874 ut
961 833 1251 887 superioribus
1284 847 1444 887 posses-

96 893 264 934 soribus
290 907 428 946 usque
455 893 497 933 in
524 892 805 946 planitia<m>
832 893 1059 946 supercilia
1086 893 1298 934 cedantur.

156 951 201 993 Si
222 951 392 993 arbores
417 950 419 1006 ἶ
444 952 592 993 finales
614 951 966 1005 obseruabuntur,
986 951 1217 992 uidendum
1237 952 1317 993 erit
1339 966 1445 1004 quae

98 1012 184 1052 sint
216 1011 417 1052 arborum
444 1025 607 1065 genera.
652 1026 750 1051 nam
780 1011 950 1064 quidam
978 1011 1022 1051 in
1048 1011 1204 1052 finibus
1232 1012 1445 1052 naturales

98 1071 427 1124 qualescumque
447 1070 617 1110 arbores
638 1070 819 1111 intactas
836 1069 985 1111 finales
1004 1070 1250 1111 obseruant:
1272 1070 1446 1124 quidam

99 1129 262 1171 cunctis
295 1129 443 1170 excisis
474 1130 672 1170 arborum
706 1129 932 1185 generibus
960 1145 1089 1171 unum
1118 1132 1284 1170 tantum
1312 1143 1445 1183 genus

98 1189 142 1229 in
156 1189 315 1230 finibus
330 1189 589 1242 relinquunt,
604 1204 687 1243 quo
704 1188 971 1230 manifestius
985 1189 1273 1243 apparea<n>t
1287 1189 1444 1229 finales.

101 1249 174 1289 alii
205 1247 392 1289 diuersas
424 1248 502 1288 hoc
535 1249 670 1290 ammo
700 1251 864 1301 serunt,
897 1251 944 1288 ut
977 1249 1178 1289 materiae
1210 1247 1447 1288 differentia

100 1309 351 1362 argumento
379 1308 450 1348 sit:
485 1307 655 1360 quidam
692 1322 742 1348 ex
775 1309 1056 1348 conuentione
1089 1307 1131 1347 in
1159 1307 1263 1360 ipsis
1290 1307 1447 1347 finibus

101 1366 401 1419 commune<s>
428 1369 584 1407 serunt.
623 1366 758 1420 aliqui
784 1366 986 1419 priuatim
1013 1366 1125 1407 intra
1158 1380 1279 1407 suum
1309 1366 1447 1407 solum

100 1426 145 1466 in
163 1424 363 1466 extremis
384 1425 542 1466 finibus
562 1428 745 1479 ponunt,
773 1428 826 1479 et,
850 1428 896 1466 ut
917 1441 1044 1480 supra
1065 1425 1262 1477 diximus,
1282 1425 1448 1466 diuersa

101 1484 301 1525 arborum
329 1498 499 1539 genera:
529 1484 685 1526 alicubi
712 1485 824 1525 enim
851 1485 977 1539 pinos
1003 1485 1264 1538 inuenimus,
1291 1484 1448 1526 alic-ubi

102 1558 336 1598 cypreSSOS,
363 1544 465 1585 alibi
490 1545 679 1585 fraxinos
701 1546 774 1584 aut
795 1543 933 1585 ulmos
953 1546 1026 1585 aut
1053 1544 1237 1598 populos
1258 1558 1448 1597 quaeque

102 1603 186 1644 alia
210 1603 315 1657 ipsis
340 1604 656 1656 possessoribus
683 1603 944 1656 placuerunt.
990 1606 1031 1645 et
1061 1604 1096 1644 si
1128 1603 1238 1644 inter
1264 1603 1380 1644 culta
1406 1604 1449 1643 111

103 1662 260 1703 finibus
294 1664 368 1702 aut
403 1677 535 1717 prope
573 1663 695 1716 fines,
736 1663 1020 1716 disponuntur
1058 1662 1370 1717 spissi[orib]us
1409 1664 1450 1702 et

105 1721 470 1763 disconuenientes
491 1722 710 1763 ordinibus
737 1722 1018 1775 arbustorum,
1046 1722 1081 1762 si
1108 1724 1251 1763 tamen
1278 1722 1450 1762 arbusta

163 1845 180 1871 2
207 1863 250 1866 —-
207 1841 356 1880 —103
375 1842 416 1871 10
523 1845 592 1871 3—
602 1845 638 1871 13
671 1838 806 1884 Hygin.
831 1842 1068 1879 91,19—92‚
1088 1841 1125 1879 2;
1158 1839 1203 1881 cf.
1230 1839 1371 1882 Agenn.
1394 1842 1449 1879 32,

107 1889 195 1919 11—
201 1889 254 1919 18.
289 1885 425 1920 Comm.
442 1888 497 1928 60,
513 1890 577 1919 5—
586 1889 625 1918 11
725 1893 828 1919 15—:2
831 1893 848 1919 5
876 1886 1010 1930 Hygia.
1028 1889 1082 1927 94,
1098 1889 1164 1919 3—
1170 1889 1189 1919 8

165 1998 227 2025 5—
232 1999 250 2025 6
270 1992 368 2026 intra
388 1993 541 2038 paucos]
563 1993 704 2038 Hyyz'n.
720 1995 778 2034 91
791 1995 840 2026 ³0
861 1993 959 2026 intra
979 1992 1092 2036 pedes
1108 2013 1149 2017 —
1166 1991 1265 2025 XXX
1340 1998 1374 2024 13
1395 2002 1449 2025 ce-

107 2039 243 2073 dantur
266 2040 411 2085 scripsi]
437 2040 571 2074 cedant
600 2040 657 2073 ius
682 2043 707 2072 P
734 2041 795 2082 (cf.
818 2043 893 2083 18),
925 2039 1060 2074 cedant
1088 2040 1243 2074 Tumeb.
1264 2040 1332 2073 La.
1363 2043 1367 2081 ι
1397 2038 1452 2071 di-

108 2088 160 2120 cit
190 2086 227 2119 in
260 2086 468 2130 superciliis
499 2087 556 2121 ius
590 2087 820 2121 caedendum
853 2098 967 2129 usque
995 2087 1033 2119 in
1065 2086 1224 2130 planitia
1250 2086 1451 2130 possessori

106 2145 230 2178 maryo
244 2137 269 2166 P
341 2141 459 2167 16-17
483 2145 577 2179 quae
592 2134 637 2168 de
653 2135 794 2168 cunctis
815 2146 858 2168 ex
878 2134 967 2178 ipsis
989 2134 1161 2168 arborum
1180 2138 1205 2167 P
1278 2140 1313 2166 18
1333 2133 1450 2166 mani-

107 2181 271 2215 festum
262 2192 319 2214 ius
339 2185 375 2223 P,
401 2193 489 2216 corr
508 2182 718 2217 Goes.19
746 2181 811 2215 alii
833 2182 997 2215 diuersas
1021 2182 1061 2215 in
1086 2188 1122 2214 16
1143 2186 1228 2225 post
1252 2181 1451 2215 obseruant

107 2229 209 2262 habet
228 2232 264 2271 Ρ,
289 2229 358 2263 huc
378 2229 486 2264 duxit
505 2230 588 2274 Riq.
612 2231 617 2272 Ι
639 2229 709 2263 1100
730 2229 853 2263 animo
875 2230 1001 2262 serunt
1022 2229 1107 2273 La]
1134 2227 1216 2262 loca
1239 2228 1451 2261 munierunt

108 2279 144 2315 Ρ
170 2286 236 2310 om.
256 2256 342 2320 'Riy
428 2283 467 2309 20
492 2276 644 2319 quidam
667 2277 782 2322 Goes]
808 2276 991 2319 quaedam
1014 2279 1039 2308 P
1124 2282 1157 2308 21
1186 2273 1423 2320 commune<s
1408 2290 1451 2311 ω)

111 2323 211 2357 Goes.
310 2329 347 2356 25
374 2323 474 2357 culta
498 2324 537 2357 in
561 2324 706 2368 scripsi]
734 2323 844 2357 cultis
870 2327 905 2365 Ρ,
933 2323 1033 2356 culta
1061 2323 1128 2357 La.

1475 956 1499 989 Ρ
1513 962 1561 990 33Γ
