1669 2545
96 899 123 932 G

142 910 154 933 T
159 912 174 933 Ο

90 1447 113 1478 p
128 1440 177 1468 *12*

88 1553 115 1587 P
129 1559 178 1587 4⁵2¹·

201 74 281 114 124
355 74 416 118 Gp
698 73 848 108 SICVLI
874 74 1041 109 FLACffl
1135 74 1196 109 La.
1215 79 1292 118 159,
1310 79 1481 120 18-160,
1499 79 1540 110 12

195 185 344 238 genter
365 182 407 223 id
435 182 721 236 scrutandum,
748 185 904 236 quanta
930 198 1006 237 per
1025 183 1289 224 decimanum
1316 187 1358 225 et
1385 187 1543 238 quanta

197 257 273 295 per
310 241 524 283 cardinem
570 242 705 296 spatia
749 243 858 284 inter
894 242 1055 297 lapides
1095 243 1311 284 obseruari
1352 243 1542 285 debeant.

197 301 477 356 comperimus
504 302 547 341 in
575 301 826 355 quibusdam
852 302 1024 355 perticis
1052 316 1145 343 cum
1173 303 1389 349 centuria<
1395 305 1443 353 e>
1472 303 1543 344 du-

198 363 318 402 centa
346 361 493 416 iugera
519 360 740 415 haberent,
772 376 857 402 non
883 361 1039 417 uiginti
1066 365 1185 402 actus
1212 361 1444 416 aequaliter
1469 377 1544 416 per

197 420 355 461 limites
376 420 486 461 inter
506 420 667 474 lapides
689 420 826 461 datos:
854 420 898 462 in
916 421 1218 462 Beneuentano
1242 424 1360 462 actus
1387 421 1543 477 uiginti

198 480 385 533 quinque
417 494 491 533 per
518 480 775 534 decimanos,
806 483 847 520 et
873 482 992 521 actus
1026 480 1206 521 sedecim
1236 496 1311 535 per
1337 481 1544 535 cardines3

199 554 281 593 qua
312 553 509 580 mensura
541 540 687 594 iugera
720 539 901 580 ducenta
929 540 1098 593 quidem
1128 540 1421 593 includuntur,
1453 554 1544 581 cen-

198 598 332 639 turiae
360 599 588 652 quadratae
614 613 699 640 non
727 598 1032 652 exprimuntur.

256 657 368 699 Illud
399 661 616 711 praeterea
649 658 949 712 comperimus,
982 658 1202 699 deficiente
1234 673 1410 699 numero
1440 658 1544 700 mili-

198 720 288 758 tum
311 720 609 758 ueteranorum
631 732 727 772 agro
749 718 822 771 qui
842 718 1057 759 territorio
1077 718 1166 758 eius
1187 717 1270 760 loci
1293 718 1546 771 continetur,

200 776 241 817 in
269 791 353 830 quo
380 777 571 818 ueterani
598 777 755 817 milites
776 777 1101 830 deducebantur,
1129 780 1322 832 sumptos
1346 791 1471 833 agros
1498 792 1547 818 ex

199 836 351 877 uicinis
384 836 612 877 territoriis
647 836 840 876 diuisisse
874 839 915 876 et
949 837 1203 891 assignasse3
1236 836 1385 878 horum
1421 837 1547 877 etiam

202 910 419 950 agrorum,
447 896 519 949 qui
546 910 597 936 ex
623 895 775 935 uicinis
802 895 971 948 populis
1001 893 1004 948 Ι
1034 896 1194 949 sumpti
1221 899 1330 949 sunt,
1356 896 1549 950 proprias

199 955 331 995 factas
359 969 449 996 esse
476 955 645 995 formas.
691 954 734 994 id
761 957 823 994 est
851 954 937 994 suis
971 953 1180 995 limitibus
1209 969 1399 1009 quaeque
1431 956 1548 1011 regio

200 1014 336 1055 diuisa
364 1016 444 1066 est,
481 1017 523 1054 et
556 1027 642 1055 non
674 1013 726 1054 ab
753 1027 837 1054 uno
865 1016 1024 1067 puncto
1053 1028 1198 1055 omnes
1224 1014 1380 1055 limites
1408 1014 1446 1068 {f
1455 1015 1550 1068 lacti

199 1075 315 1126 sunt,
348 1073 438 1126 sed,
472 1075 519 1113 ut
552 1087 680 1126 supra
707 1072 866 1113 dictum
897 1075 979 1126 est,
1012 1073 1190 1126 sua<m>
1217 1087 1407 1127 quaeque
1432 1073 1549 1129 regio

200 1133 379 1173 formam
408 1133 547 1174 habet.
593 1146 699 1185 quae
734 1132 927 1187 sino-ulae
959 1133 1249 1186 praefecturae
1281 1134 1552 1186 appellantur

202 1192 307 1244 ideo,
335 1191 535 1245 quoniam
557 1192 821 1246 singularum
842 1191 1065 1246 regionum
1088 1191 1293 1232 diuisioni
1315 1192 1416 1233 alios
1434 1207 1552 1246 prae-

200 1252 467 1304 te(ce>runt,
500 1250 569 1292 uel
602 1265 651 1291 ex
685 1265 733 1291 eo
768 1251 880 1304 quod
914 1251 958 1292 in
984 1251 1162 1292 diueisis
1194 1251 1440 1307 regionibus
1467 1266 1551 1291 1113-

201 1311 406 1363 ‹ristratus
431 1310 693 1351 coloniarum
720 1310 824 1350 iuris
846 1310 1076 1351 dictionem
1103 1311 1272 1352 mittere
1299 1310 1416 1352 soliti
1442 1313 1550 1352 sunt.

201 1384 250 1411 ac
282 1374 425 1411 tamen
459 1385 604 1411 omnes
639 1384 815 1424 quarum
849 1369 1110 1411 coloniarum
1144 1370 1256 1411 ciues
1289 1373 1553 1424 acceperunt,

203 1429 292 1470 eius
321 1431 326 1483 !
355 1429 541 1483 perticae
568 1428 915 1483 appellabuntur:
943 1443 1043 1484 ergo
1067 1429 1333 1483 praefectura
1358 1430 1432 1470 illa
1454 1429 1552 1470 dici-

202 1492 292 1542 tur,
326 1489 445 1530 cuius
482 1488 697 1530 territorio
731 1503 832 1543 ager
867 1492 1063 1542 sumptus
1098 1489 1245 1542 fuerit,
1283 1488 1445 1542 pertica
1480 1488 1553 1530 1113

204 1552 421 1602 tamquam
451 1546 455 1603 l
485 1548 664 1600 colonia,
691 1547 764 1588 ubi
785 1548 890 1589 ciuis
913 1548 1118 1589 deductus
1139 1548 1278 1589 fuerit.
1314 1562 1390 1589 nec
1411 1550 1553 1588 tamen

204 1623 369 1662 semper
399 1607 599 1649 uniuersa
630 1608 862 1659 territoria,
901 1607 1098 1662 quotiens
1130 1622 1230 1663 ager
1261 1607 1450 1648 coloniae
1484 1607 1551 1649 de·
1580 1627 1594 1645 2

205 1667 317 1721 fecit,
331 1667 484 1708 uicinis
503 1667 765 1720 auferuntur,
783 1667 852 1708 sed
871 1666 1009 1708 solum
1026 1667 1137 1721 quod
1153 1666 1371 1721 assignare
1385 1681 1552 1708 necesse

263 1815 341 1852 ascl.
363 1808 408 1850 cf.
430 1807 566 1852 Hygin.
582 1811 638 1849 81,
656 1811 753 1852 llsq.
838 1814 873 1840 14
901 1808 975 1841 suis
1003 1806 1186 1841 limitibus
1212 1807 1258 1849 cf.
1279 1806 1414 1852 Hygin.
1432 1806 1552 1841 Grom.

208 1860 285 1899 136,
303 1861 318 1889 1
347 1855 512 1899 perticae
538 1855 645 1897 fines,
677 1855 746 1889 hoc
774 1856 829 1889 est
854 1855 996 1899 primae
1024 1854 1314 1899 adsignationis,
1346 1854 1431 1888 aliis
1457 1854 1554 1888 limi-

204 1903 316 1944 tibus,
343 1902 428 1937 aliis
447 1903 704 1947 praefecturae
725 1902 963 1936 continentur
982 1907 1041 1937 etc.
1120 1909 1241 1935 21—-24
1269 1902 1423 1946 pertica,
1449 1912 1552 1946 prae-

205 1951 348 1985 fectura
374 1950 538 1985 Frontin.
557 1954 611 1993 15,
628 1953 718 1984 1—4

264 2076 282 2102 6
308 2068 521 2103 decimanas
549 2072 602 2111 Gp
691 2075 728 2101 10
754 2080 883 2113 agrum
911 2072 983 2110 Gp,
1009 2069 1054 2111 cf.
1082 2080 1111 2102 τ.
1132 2071 1180 2102 ,25
1208 2078 1296 2113 ager
1317 2089 1360 2092 —
1383 2067 1509 2102 deficit

209 2148 276 2173 14—
279 2147 315 2174 15
332 2140 435 2185 regio
451 2140 586 2175 diuisio
600 2124 728 2184 (diuisl¹
715 2151 758 2174 ao
773 2141 806 2183 p)
828 2139 949 2173 diuisa
970 2143 1024 2181 Gp
1104 2145 1140 2172 15
1161 2139 1235 2172 acti
1253 2139 1354 2174 Goes
1431 2145 1491 2171 17

206 2187 462 2232 praefecturae
490 2192 516 2221 G
610 2194 646 2221 18
674 2178 850 2222 diuisioni
877 2186 970 2220 alios
995 2187 1138 2232 scripsi]
1167 2186 1370 2220 diuisiones
1397 2185 1462 2219 alii
1489 2180 1554 2227 Gp,

207 2236 287 2269 d—es
315 2234 399 2269 aliis
426 2235 494 2270 La.
600 2242 638 2268 ‘20
663 2234 766 2279 <ad>
793 2234 883 2268 iuris
911 2234 1113 2268 dictionem
1139 2234 1223 2280 Rzy.
1328 2240 1366 2266 22
1391 2233 1556 2277 perticae

208 2282 499 2327 appellabuntur
523 2286 559 2323 G,
587 2282 878 2327 appellabantur
903 2293 922 2323 p
997 2287 1122 2315 23—24
1148 2281 1253 2315 illam
1279 2282 1472 2324 tamquam
1497 2290 1556 2319 co-

207 2329 347 2370 loniam
373 2329 478 2369 illam
506 2334 583 2364 GP'
663 2336 788 2364 25—26
815 2328 952 2367 defecit
978 2333 1014 2371 P,
1042 2328 1167 2363 deficit
1194 2331 1220 2369 G

1574 734 1606 757 1¹)

1578 1029 1609 1054 15

1579 1326 1611 1350 20
