1669 2545
44 706 76 730 10

41 1002 73 1027 15

42 1297 74 1322 20

105 49 167 84 La.
185 53 264 92 170,
279 53 431 92 3—171,
447 53 465 83 3
621 48 935 83 CONSTITVTIO
1153 50 1294 84 ABEP
1371 51 1453 91 135

163 158 289 200 Multi
323 159 565 213 ignorantes
598 156 745 197 mundi
776 157 987 198 rationein
1020 157 1151 198 solem
1180 161 1279 199 sunt
1308 160 1453 211 secuti,

104 217 186 259 hoc
212 220 275 258 est
302 220 442 258 ortum
471 220 512 258 et
546 230 757 269 occasum,
792 216 905 269 quod
938 217 973 257 is
1005 218 1135 257 semel
1167 218 1453 271 conprehendi

103 278 358 318 ferramento
391 291 476 318 non
510 277 662 330 potest.
708 275 811 328 quid
836 276 967 330 ergo?
1011 276 1154 328 posita
1183 277 1454 331 auspicaliter

104 350 271 391 groma,
303 336 397 390 ipso
429 336 541 376 forte
567 334 785 375 conditore
812 337 1049 388 praesente,
1081 335 1326 389 proximum
1352 351 1452 376 uero

105 398 246 436 ortum
272 394 678 448 conprehenderunt,
705 396 747 434 et
773 393 816 433 in
843 396 1066 447 utramque
1093 397 1255 448 partem
1282 393 1453 451 limiltes
1480 399 1508 432 E
1524 409 1555 433 37

103 454 346 507 emiserunt,
363 453 516 507 quibus
534 452 665 493 kardo
683 452 728 493 in
745 452 893 493 horam
912 456 1075 494 sextam
1092 468 1179 494 non
1197 455 1452 495 conuenerit.
1479 458 1535 501 (B)

104 512 194 569 (fig.
214 512 300 567 73.)
330 511 334 568 Ι
363 516 404 553 et
430 512 615 565 quidam,
643 526 695 552 ne
722 512 1013 566 proximarum
1042 512 1302 554 coloniarum
1328 513 1376 554 li·
1403 518 1493 552 A116
1508 517 1597 551 Ρεω

102 572 280 613 mitibus
307 572 526 612 ordinatos
552 570 711 611 limites
737 571 964 624 mitterent,
992 572 1140 613 relicta
1164 571 1269 612 caeli
1289 572 1453 613 ratione

102 645 341 672 mensuram
363 630 688 683 constituerunt,
710 644 792 683 qua
810 633 976 670 tantum
993 631 1146 672 modus
1165 631 1452 672 centuriarum

102 693 144 732 et
168 690 354 731 limitum
380 689 606 745 longitudo
634 692 860 730 constaret.
893 688 982 744 (fig.
1000 689 1085 744 74.)
1121 689 1125 744 Ι
1162 690 1333 743 quidam
1361 691 1454 745 agri
1480 694 1571 728 Bm

100 748 413 804 longitudinem
440 749 591 790 secuti:
618 751 660 790 et
687 763 770 802 qua
795 749 966 803 longior
992 752 1101 802 erat,
1126 748 1320 790 fecerunt
1347 750 1453 790 deci-

100 823 285 849 manum.
324 809 411 863 (fig.
436 807 521 861 75.)
557 808 562 860 Ι
597 808 768 861 quidam
807 809 850 849 in
883 810 1022 849 totum
1055 811 1374 862 conuerterunt.
1411 811 1453 850 et
1479 813 1571 847 A117

98 867 291 908 fecerunt
308 867 573 908 decimanum
592 869 637 908 in
655 867 937 908 meridianum
956 870 997 908 et
1017 867 1238 909 kardinem
1256 868 1301 909 in
1319 869 1454 909 orien-

100 929 199 980 tem,
218 926 327 967 sicut
343 927 387 968 in
405 941 506 981 agro
523 925 737 980 Campano
753 927 827 980 qui
841 929 906 967 est
922 926 1034 967 circa
1049 925 1247 980 Capuam.
1264 926 1352 983 (fig.
1366 926 1452 983 76.)

158 985 334 1027 Modum
356 988 499 1027 autem
520 985 723 1027 centuriis
745 986 917 1039 quidam
939 985 1169 1027 secundum
1191 987 1283 1041 agri
1304 986 1453 1040 ampli-

100 1045 291 1086 tudinem
312 1045 537 1100 dederunt3
563 1046 606 1086 in
633 1044 757 1085 ltalia
783 1044 999 1086 triumuiri
1026 1046 1221 1100 iugerum
1247 1046 1453 1100 quinqua-

99 1119 267 1160 genum,
294 1104 426 1146 aliubi
447 1105 675 1157 ducenum3
703 1103 934 1145 Cremonae
961 1104 1152 1160 iugerum
1174 1104 1300 1160 CCX3
1329 1106 1452 1147 diuus

100 1163 321 1218 Augustus
355 1164 399 1205 in
424 1163 604 1205 Veturia
632 1162 847 1204 Emeritae
880 1164 1072 1218 iugerum
1106 1163 1264 1217 CCCC,
1297 1164 1452 1218 quibus

101 1223 384 1264 diuisionibus
406 1223 612 1264 decimani
632 1223 791 1264 habent
811 1223 1096 1278 longitudinis
1117 1226 1236 1264 actus
1253 1223 1339 1277 XL,
1359 1224 1452 1265 kar-

101 1282 219 1323 dines
246 1285 365 1323 actus
392 1282 482 1336 XX,
510 1282 752 1324 decimanus
780 1285 843 1323 est
869 1282 910 1322 in
941 1282 1158 1323 orientem.
1193 1281 1282 1338 (fig.
1306 1282 1391 1338 77.)

158 1400 173 1426 1
200 1393 365 1427 Frontin.
389 1396 442 1435 14,
459 1396 502 1426 14
601 1399 704 1426 7-—10
729 1393 811 1427 ibm.
835 1397 889 1434 14,
908 1396 1044 1426 17-19
1143 1400 1264 1426 10-14
1292 1394 1373 1427 ibm.
1398 1397 1451 1435 12,

100 1444 215 1474 5-10
313 1447 432 1474 15—17
463 1441 543 1474 ibm.
568 1444 622 1483 14,
637 1443 748 1483 4———83
775 1441 818 1483 cf.
844 1440 914 1474 Sic.
936 1440 1056 1474 Flacc.
1075 1444 1153 1483 123,
1171 1444 1345 1483 19—124,
1360 1443 1380 1474 8

98 1540 302 1575 luminatur
315 1545 350 1582 P,
372 1541 591 1575 i-nabantur
605 1544 643 1583 A,
665 1541 847 1575 i-nabitur
861 1544 897 1581 B,
918 1540 1187 1576 illuminabunt
1200 1545 1227 1575 Ε
1295 1548 1451 1586 p.134,21

98 1588 137 1622 in
163 1589 304 1623 oriente
331 1589 506 1623 ABELa.
538 1590 541 1633 Ι
571 1589 850 1623 constituuntur
874 1592 910 1632 P,
938 1591 1095 1623 c-entur
1121 1593 1200 1631 ΑΕ,
1228 1591 1352 1623 -erunt
1378 1592 1403 1622 B

158 1643 175 1669 2
203 1636 301 1679 quod
321 1636 352 1670 is
374 1636 458 1680 La]
482 1636 581 1680 quod
603 1636 642 1670 in
660 1641 696 1678 P,
724 1636 894 1680 quotiens
915 1639 1012 1669 ABE
1087 1643 1172 1670 2—-3
1200 1636 1452 1681 conprehendi

98 1682 321 1717 ferramento
345 1683 488 1726 ΑΕ,“Ι..
512 1685 628 1726 PLa.‚
654 1684 826 1718 ferr-tum
853 1684 1128 1728 conpraehendi
1154 1687 1179 1717 B
1253 1691 1272 1717 3
1298 1684 1363 1728 qui
1388 1688 1415 1717 E
1445 1686 1449 1727 Ι

98 1730 222 1775 posita
247 1742 313 1766 om.
334 1734 371 1773 B,
398 1733 527 1776 postea
552 1735 577 1764 P
607 1733 609 1775 Ι
640 1731 896 1776 auspicaliter]
925 1734 989 1765 aut
1016 1732 1228 1776 specialiter
1254 1735 1279 1764 B
1368 1738 1385 1765 5
1412 1732 1451 1765 in

98 1780 256 1822 utraque
282 1780 389 1822 parte
409 1782 483 1820 AB,
509 1781 655 1822 partem
681 1783 708 1812 Ε
782 1786 800 1811 6
827 1780 1029 1813 emiserunt
1050 1782 1160 1821 ABE,
1188 1780 1371 1813 duxerunt
1391 1783 1416 1812 P
1446 1780 1448 1824 Ι

99 1825 250 1871 quibus]
277 1837 349 1869 quo
375 1830 402 1859 E
426 1827 430 1871 Ι
453 1837 518 1860 ora
544 1826 649 1869 (hora
669 1829 709 1870 Ε)
737 1827 842 1860 sexta
867 1829 928 1859 BE
952 1829 955 1869 Ι
980 1826 1195 1860 conuenerit
1217 1829 1290 1869 AB,
1318 1826 1452 1860 c-niret

99 1876 143 1915 E,
176 1873 303 1906 c-niet
328 1877 353 1906 P
452 1880 567 1906 7—10
600 1877 637 1908 et
668 1873 823 1918 quidam
850 1895 893 1898 —
928 1895 964 1899 —
994 1895 1037 1899 -
1064 1875 1253 1908 constaret
1284 1885 1350 1908 om.
1377 1877 1402 1906 B

99 1925 118 1953 S
143 1919 350 1966 mitterent]
377 1921 668 1955 intermitterent
694 1925 721 1954 E
819 1929 836 1954 υ
864 1932 938 1964 qua
962 1922 1110 1955 tantum
1137 1925 1176 1962 A,
1204 1923 1385 1965 quantum
1411 1925 1449 1963 E,

100 1967 234 2009 quibus
261 1969 407 2001 tantum
432 1972 457 2001 P
537 1975 572 2001 12
598 1970 719 2003 totum
744 1972 780 2011 Ρ,
808 1970 926 2002 totam
952 1972 1027 2010 AB,
1054 1970 1132 2002 toto
1158 1973 1185 2001 E
1266 1975 1387 2002 12—13
1414 1970 1451 2002 et

99 2015 267 2048 fecerunt
292 2026 359 2049 om.
379 2018 405 2048 B
503 2023 538 2049 13
564 2016 603 2049 in
629 2019 699 2059 ΒΡ,
727 2017 764 2050 et
790 2019 853 2049 AE
883 2018 886 2059 Ι
917 2018 953 2050 et
978 2028 1043 2051 om.
1066 2019 1103 2055 Β,
1129 2016 1167 2049 in
1194 2020 1220 2049 E
1319 2023 1353 2049 14
1381 2016 1449 2050 cir-

100 2072 184 2095 cum
204 2064 233 2094 A
255 2063 258 2105 Ι
283 2062 429 2106 capiam
455 2066 495 2105 A,
523 2074 641 2107 capua
667 2067 693 2096 B
776 2070 810 2096 17
840 2063 973 2109 aliubi]
1001 2063 1067 2097 alii
1093 2067 1120 2096 E
1144 2065 1148 2107 Ι
1172 2063 1355 2097 ducenum
1375 2066 1448 2105 ΑΡ,

101 2108 345 2142 decentenum
365 2112 402 2150 Β,
424 2110 595 2145 uicenum
615 2115 642 2143 E
666 2114 670 2152 1
694 2122 863 2145 cremone
883 2115 918 2152 P,
941 2121 999 2144 c—a
1020 2114 1118 2143 ABE
1142 2115 1145 2154 Ι
1168 2111 1297 2155 iugera
1316 2115 1351 2152 0,
1372 2110 1446 2155 iug.

100 2156 170 2190 La.
226 2162 262 2189 18
283 2156 449 2191 beturiae
463 2157 619 2192 meritae
630 2162 665 2199 Ρ,
682 2158 978 2192 betunaemerita
989 2161 1029 2199 A,
1044 2160 1206 2192 uetunae
1220 2158 1424 2192 meritaBE
1444 2175 1445 2188 ι

99 2202 229 2247 iugera
244 2206 279 2245 0,
297 2203 371 2248 ing.
385 2205 453 2239 La.
478 2210 482 2248 Ι
506 2204 635 2250 CCCC]
656 2205 740 2240 CCC
760 2209 786 2238 E
842 2212 951 2238 18—19
967 2205 1066 2249 quib.
1081 2205 1359 2239 soliuisionibus
1374 2208 1399 2237 B

99 2256 135 2283 19
161 2249 434 2294 longitudinem
454 2254 490 2293 B,
517 2252 569 2286 l-e
588 2256 615 2285 E
682 2259 807 2286 19—‘20
834 2254 938 2286 actus
953 2273 997 2278 —
1013 2273 1055 2278 —
1072 2253 1267 2298 orientem]
1288 2254 1389 2287 actos
1409 2252 1448 2285 in

100 2297 278 2331 orientem
304 2301 328 2331 ii
354 2298 414 2331 XL
440 2298 617 2333 kardines
644 2301 747 2334 actos
774 2299 839 2332 XX
865 2302 890 2332 B
989 2306 1027 2333 20
1053 2300 1090 2333 in
1117 2300 1258 2334 oriente
1284 2303 1343 2332 PE
