1669 2545
27 750 60 775 10

26 1045 57 1070 15

25 1341 60 1366 20

88 89 448 132 La.129‚19—130‚17
490 89 842 123 DEGENERIBVS
859 88 1189 125 CONTROVERS.
1234 90 1329 135 B(G)
1380 92 1436 132 93

89 212 155 238 sas
187 202 360 251 uocant,
395 201 436 238 et
469 198 673 238 siluarum
707 212 875 251 quoque
908 201 1067 239 aetates
1101 213 1154 239 an
1187 199 1272 239 sint
1303 214 1435 252 pares.

88 259 131 296 et
154 257 189 297 si
210 257 370 310 uineae,
391 257 588 298 similiter
608 257 652 297 in
672 258 1007 310 comparatione:
1034 273 1086 298 an
1108 258 1276 298 ordines
1298 259 1437 312 aequi-

88 315 305 370 distantes,
333 332 386 357 an
410 316 502 370 pari
530 315 789 368 condicione,
816 318 857 356 et
883 331 937 357 an
963 317 1092 357 simili
1120 317 1261 370 s<int>
1285 331 1437 371 genere

87 374 253 416 uitium.

148 433 371 475 Constabit
404 437 546 475 tamen
580 448 669 474 rem
702 434 838 489 inagis
872 449 962 475 esse
998 435 1103 475 iuris
1140 449 1265 488 quam
1301 435 1437 475 nostri

88 493 239 548 operis,
266 493 466 547 quoniam
493 507 616 546 saepe
643 507 721 533 usu
749 493 977 547 capiuntur
1002 494 1095 535 loca
1118 509 1225 547 quae
1251 495 1295 535 in
1322 494 1437 534 bien-

86 552 158 593 nio
190 566 383 606 possessa
415 552 586 593 fuerint.
621 552 625 605 Ι
660 552 973 606 respiciendum
1005 554 1085 594 erit
1116 556 1276 606 tamen,
1310 568 1435 606 quem

86 611 313 652 admodum
347 612 530 652 solemus
561 611 705 652 uidere
739 611 993 665 quibusdam
1028 612 1277 666 regionibus
1308 612 1438 666 parti-

86 671 201 711 culas
235 670 437 724 quasdam
470 670 513 711 in
546 670 696 711 mediis
730 671 909 712 aliorum
945 672 1075 726 agris,
1107 672 1257 725 nequis
1285 671 1437 712 similis

85 729 186 771 huic
205 729 471 771 interueniat.
505 730 619 783 quod
641 730 683 770 in
699 743 800 784 agro
817 730 954 771 diuiso
976 730 1162 771 accidere
1179 744 1266 771 non
1283 733 1438 784 potest,

86 789 286 841 quoniam
319 789 545 830 continuae
578 789 869 843 possessiones
903 792 944 830 et
976 789 1255 844 adsignantur
1282 792 1323 830 et
1348 789 1438 830 red-

85 848 260 901 duntur3
288 852 329 889 et
349 848 384 889 si
405 848 515 889 forte
536 848 687 889 incidit
708 848 793 889 tale
813 848 987 901 aliquid,
1011 852 1299 890 commutatur
1318 850 1436 889 locus

84 921 162 960 pro
188 908 301 960 loco,
327 911 375 948 ut
401 908 603 949 continua
631 908 686 948 sit
711 908 936 962 possessio.
982 908 1058 961 ita,
1084 910 1133 948 ut
1160 908 1267 961 dixi,
1297 908 1341 948 in
1368 908 1437 948 ad-

85 965 263 1021 signatis
288 968 382 1008 fieri
408 981 495 1008 non
514 969 666 1021 potest.
700 969 999 1022 argumentum
1020 968 1163 1020 itaque
1186 967 1435 1020 prudentiae

86 1027 149 1066 est
175 1040 302 1078 quam
328 1026 617 1079 professionis.

143 1084 367 1126 Praeterea
393 1085 532 1126 solent
559 1085 731 1138 quidam
758 1085 1043 1139 complurium
1074 1085 1304 1126 fundorum
1338 1099 1435 1126 con-

84 1144 300 1185 tinuorum
329 1145 508 1197 domini,
534 1147 582 1185 ut
606 1145 694 1185 fere
720 1145 786 1197 fit,
822 1145 825 1198 Ι
860 1145 965 1185 duos
992 1147 1066 1185 aut
1097 1147 1183 1185 tres
1211 1159 1335 1200 agros
1361 1145 1435 1185 uni

83 1202 211 1244 uillae
250 1204 519 1245 contribuere
557 1206 599 1244 et
636 1205 841 1245 terminos
883 1204 973 1257 qui·
995 1203 1202 1244 finiebant
1241 1204 1433 1259 singulos

85 1276 208 1317 agros
228 1262 485 1315 relinquere:
507 1263 770 1316 desertisque
791 1263 906 1304 uillis
923 1263 1073 1303 ceteris
1092 1265 1261 1316 praeter
1275 1264 1436 1316 ea<m>‚

85 1321 152 1362 cui
179 1322 411 1362 contributi
439 1325 549 1375 sunt,
576 1322 707 1363 uicini
733 1337 818 1363 non
843 1323 1034 1363 contenti
1061 1323 1147 1362 suis
1173 1322 1330 1363 finibus
1356 1323 1435 1362 tol-

83 1379 178 1421 lunt
203 1381 420 1434 terminos,
448 1382 604 1435 quibus
630 1382 845 1435 possessio
873 1382 1065 1435 ipsorum
1092 1381 1255 1431 finitur,
1284 1384 1325 1422 et
1353 1395 1435 1434 eos,

144 1527 226 1554 ἰ’-9
253 1522 382 1556 *iterum
410 1521 546 1555 Comm.
566 1525 621 1560 63,
637 1524 750 1555 9—11
850 1528 971 1555 14—15
999 1521 1135 1555 Comm.
1153 1524 1207 1562 63,
1226 1526 1264 1554 11

143 1660 158 1685 1
185 1653 320 1687 uocant
346 1653 383 1686 et
409 1652 451 1698 G]
477 1653 656 1686 uacantes
683 1655 708 1685 B
738 1653 742 1696 Ι
772 1663 817 1686 an
845 1652 919 1686 sint
946 1652 987 1697 G]
1017 1662 1088 1685 ana
1116 1651 1164 1685 sit
1190 1654 1215 1683 B
1290 1658 1306 1683 2
1334 1652 1370 1684 et
1396 1654 1433 1692 Β,

83 1711 148 1734 om.
172 1703 198 1732 G
227 1701 230 1744 Ι
259 1699 430 1734 similiter
457 1702 499 1742 Β,
532 1699 672 1733 similes
699 1702 806 1734 erunt
832 1703 858 1732 G
955 1705 1041 1732 2—3
1067 1698 1364 1741 aequidistantes
1391 1698 1433 1743 G]

81 1747 212 1790 nequit
236 1746 418 1781 instantes
444 1750 470 1779 B
577 1754 595 1780 3
623 1747 840 1781 condicione
865 1749 909 1789 Β,
942 1746 1204 1781 constitutione
1232 1749 1259 1778 G
1287 1748 1290 1788 Ι
1320 1745 1433 1778 simili

83 1793 157 1828 sint
181 1805 316 1839 genere
341 1794 485 1840 scripsi]
513 1793 645 1828 similis
669 1805 804 1839 genere
825 1797 862 1837 Β,
889 1793 1010 1828 simile
1030 1804 1146 1838 genus
1169 1797 1205 1835 G,
1233 1792 1346 1826 simili
1372 1804 1431 1837 ge-

81 1851 168 1875 nere
194 1842 264 1876 La.
375 1849 392 1875 5
422 1841 619 1876 constabit.
648 1842 767 1886 (c-uit
793 1843 832 1885 Β)
865 1841 1005 1875 Tamen
1031 1844 1093 1873 BG
1214 1846 1232 1873 6
1259 1850 1369 1883 saepe
1395 1843 1432 1882 Β,

82 1887 159 1922 fere
186 1892 212 1921 G
240 1891 244 1932 1
272 1889 311 1923 111
337 1892 374 1930 Β,
400 1900 466 1924 om.
489 1893 515 1922 G
596 1896 610 1922 7
638 1890 765 1923 tamen
790 1892 828 1931 Β,
855 1900 900 1922 ne
929 1893 955 1921 G
1034 1895 1052 1921 9
1078 1888 1209 1931 nequis
1236 1886 1367 1920 similis
1394 1890 1431 1930 Β,

83 1935 263 1979 numquid
289 1936 408 1970 simile
436 1940 478 1979 G,
511 1936 692 1980 numquid
720 1936 852 1971 similis
880 1936 1043 1978 Ruclorff
1155 1941 1192 1968 10
1219 1934 1386 1968 accidere
1412 1946 1431 1975 p

83 2007 141 2049 (=
162 2009 203 2048 P,
231 1992 403 2041 accedere
430 2009 486 2051 G),
520 2007 695 2041 accedere
720 2010 746 2040 B
855 2014 891 2040 12
918 2006 948 2040 si
975 2009 1018 2047 B,
1051 2005 1108 2040 his
1136 2009 1162 2037 G
1190 2007 1194 2048 Ι
1223 2004 1299 2057 tale
1327 2005 1430 2049 ΒΖΜ]

83 2052 180 2087 31130
199 2056 235 2095 Β,
262 2056 304 2088 ut
328 2054 404 2088 tale
425 2058 452 2087 G
474 2056 478 2099 Ι
502 2054 645 2098 aliquid
673 2056 922 2089 commutatur
945 2056 981 2094 Β,
1009 2053 1098 2095 quid
1126 2052 1429 2086 committeretur.

82 2102 125 2133 ut
151 2102 203 2144 (et
221 2102 254 2144 p)
282 2104 335 2142 Gp
408 2108 444 2135 13
471 2101 520 2135 sit
546 2102 588 2147 G]
615 2113 680 2136 om.
702 2105 727 2134 B
750 2102 755 2147 Ι
778 2104 819 2135 ut
846 2102 888 2147 G]
915 2103 957 2134 ut
984 2100 1032 2133 sit
1058 2103 1083 2132 B
1151 2107 1186 2133 14
1212 2100 1430 2144 argumento

82 2147 211 2191 itaque
230 2151 267 2190 Β,
294 2148 363 2182 hoc
384 2151 643 2193 argumentum
664 2153 690 2182 G
752 2156 788 2182 16
814 2149 1012 2182 Praeterea
1033 2158 1097 2181 om.
1114 2150 1141 2179 G
1204 2153 1324 2179 16—17
1347 2156 1431 2180 con—

82 2194 271 2228 tinuorum
296 2198 333 2237 Β,
360 2207 508 2229 suorum
537 2200 563 2229 G
634 2203 668 2229 17
697 2198 738 2229 ut
764 2196 839 2230 fere
865 2196 920 2229 fiit
947 2198 984 2237 Β,
1011 2205 1076 2228 om.
1094 2198 1119 2226 G
1194 2200 1229 2227 18
1255 2193 1369 2226 uillae
1392 2196 1429 2235 Β,

83 2241 180 2275 uelle
201 2246 227 2274 G
250 2244 254 2285 ἱ
277 2244 314 2276 et
334 2254 398 2277 om.
415 2247 441 2275 G
508 2250 543 2276 19
571 2243 761 2286 desertisq.
782 2243 884 2276 uillis
905 2242 1036 2277 ceteris
1057 2245 1094 2283 Β,
1121 2252 1187 2276 om.
1210 2244 1236 2273 G
1259 2242 1262 2283 1
1286 2242 1431 2284 praeter

83 2299 165 2323 eam
180 2290 265 2335 La]
286 2291 479 2332 praeterea
498 2293 560 2323 BG
621 2297 660 2323 20
680 2291 740 2324 cui
762 2291 803 2336 G]
825 2290 888 2334 qui
909 2293 934 2322 B
957 2292 960 2334 Ι
985 2288 1169 2323 contentis
1189 2291 1215 2320 B
1277 2294 1311 2320 21
1332 2288 1430 2331 ipso—

82 2347 163 2370 rum
185 2340 221 2377 Β,
249 2347 374 2370 eorum
401 2340 427 2369 G
456 2340 460 2380 1
491 2348 550 2371 eos
579 2337 620 2382 G]
649 2348 687 2371 οι
714 2340 739 2370 Β

1463 557 1491 590 Β
1506 568 1554 592 142

1461 1148 1489 1181 B
1504 1158 1553 1183 143
