1669 2545
70 561 96 594 P
111 568 161 595 38*

195 93 271 132 118
348 92 374 125 1·
691 92 842 126 sioVLl
870 92 1032 128 FLACOE
1127 94 1531 139 ⁷1⁷,a.153‚28—154‚24

189 215 338 255 agrum
365 216 416 241 ex
442 201 563 242 hoste
593 204 762 255 captum
789 201 944 243 uictori
976 202 1134 256 populo
1161 219 1235 257 per
1261 203 1362 245 bina
1387 204 1532 260 iugera

188 260 332 313 partiti
366 263 482 312 sunt,
521 262 708 301 centenis
744 260 990 303 hominibus
1023 263 1257 303 duoentena
1287 263 1434 317 iugera
1466 264 1532 304 de-

187 320 357 360 derunt:
385 322 427 361 et
454 333 504 360 ex
530 320 611 360 hoo
637 320 750 362 facto
778 321 967 361 centuria
993 322 1101 362 iuste
1128 324 1341 376 appellata
1366 326 1439 364 est.

246 378 362 433 Ergo
385 379 427 420 in
449 379 702 433 quaestoriis
723 379 836 434 agris
862 380 998 421 adhue
1024 381 1067 421 in
1094 381 1339 436 regionibus
1361 382 1533 436 quibus-

188 438 283 478 ‹lam
312 438 580 479 manentibus
606 438 839 493 lapidibus,
866 439 1020 493 quibus
1047 440 1202 481 limites
1229 441 1410 482 inueniri
1436 456 1532 496 pos·
1576 466 1592 482 .›

188 500 297 551 sunt,
312 497 455 551 aliqua-
472 497 654 554 uestigia
671 499 1005 552 1·eseruant<ur>.
1033 499 1117 552 sed,
1131 502 1178 540 ut
1195 515 1321 554 supra
1338 500 1534 554 diximus,

189 556 365 597 emendo
384 556 689 611 uendendoque
709 557 872 612 aliquas
896 556 899 613 Ι
922 560 1152 612 particulas
1174 559 1232 600 ita
1253 559 1534 601 confuderunt

186 629 466 669 possessores,
499 618 546 657 ut
578 617 629 657 ad
660 618 1029 671 occupatoriorum
1061 618 1351 660 condicionem
1378 619 1532 661 recide-

188 675 283 716 rint.
322 678 474 729 tamen,
501 678 548 717 ut
569 691 695 730 supra
717 676 911 729 diximus,
941 677 984 717 in
1004 677 1216 731 aliquibus
1244 680 1284 718 et
1309 677 1470 733 lapides
1491 681 1532 719 et

188 735 349 790 rigores
377 734 508 788 aliqui
537 735 813 776 inueniuntur
840 739 881 776 et
907 737 1011 777 fines
1038 739 1264 790 praestant.

406 870 496 906 DE
524 870 773 907 DII'ISIS
802 871 887 906 ET
914 869 1186 908 ASSIGNA
1201 872 1306 908 TIS.

248 948 388 990 Diuisi
415 951 456 989 et
483 950 689 1003 assignati
713 949 806 1005 agri
827 950 969 1003 (non)
990 950 1114 990 unius
1141 953 1239 991 sunt
1259 950 1531 992 condicionis.

186 1023 283 1049 nam
317 1011 358 1048 et
391 1008 639 1049 diuiduntur
673 1009 760 1050 sine
793 1008 1081 1063 assignatione
1111 1011 1153 1050 et
1184 1009 1417 1051 redduntur
1443 1010 1532 1051 sine

187 1067 407 1108 diuisione.
447 1067 696 1108 diuiduntur
729 1083 829 1123 ergo
863 1068 953 1122 agri
982 1068 1192 1110 limitibus
1225 1069 1434 1110 institutis
1460 1084 1534 1123 per

187 1127 409 1177 centurias,
438 1126 709 1182 assignantur
739 1128 901 1169 uiritim
928 1127 1183 1169 nominibus.

245 1185 359 1241 Ergo
388 1201 588 1242 agrorum
615 1186 863 1237 diuisor-um,
897 1188 970 1241 qui
997 1187 1205 1228 institutis
1231 1187 1441 1229 limitibus
1475 1186 1533 1228 di-

187 1245 267 1286 uisi
294 1248 404 1297 sunt,
430 1246 591 1288 formae
612 1246 751 1287 uarias
772 1247 1081 1300 appellationes
1101 1247 1326 1301 accipiunt.
1361 1246 1531 1301 quidam

185 1304 285 1357 (jin)
312 1305 555 1358 arbore<i>s
582 1306 749 1360 tabulis,
782 1306 854 1346 alii
887 1306 931 1346 in
958 1306 1094 1360 aenis,
1125 1306 1198 1347 alii
1231 1306 1274 1347 in
1300 1306 1533 1355 membr<a-

186 1364 279 1417 n>is
307 1364 580 1418 seripserunt.
620 1368 662 1406 et
689 1365 885 1419 quamuis
912 1380 996 1406 una
1011 1359 1087 1406 'res
1115 1364 1169 1407 sit
1194 1366 1350 1421 forma,
1376 1365 1447 1407 alii
1475 1365 1533 1406 di-

186 1426 288 1464 eunt
313 1424 531 1478 perticam,
558 1424 629 1465 alii
657 1424 1022 1479 centuriationem,
1049 1425 1122 1466 alii
1148 1425 1433 1478 metationem,
1459 1424 1531 1466 alii
1559 1444 1573 1467 ·.›

184 1483 502 1533 limitationem,
536 1483 608 1524 alii
637 1485 1003 1538 cancellationem,
1035 1484 1108 1525 alii
1139 1487 1290 1538 typon,
1324 1484 1454 1538 quod,
1487 1487 1534 1525 ut

187 1557 314 1596 supra
335 1542 531 1596 diximus,
557 1557 640 1583 una
660 1558 726 1584 res
748 1546 824 1598 est,
850 1544 998 1584 forma.
1039 1543 1210 1597 quidam
1236 1544 1407 1598 formas,
1433 1558 1531 1598 quo-

187 1617 279 1642 rum
312 1602 472 1642 mentio
505 1601 651 1643 habita
683 1605 765 1656 est,
803 1603 845 1644 in
879 1617 971 1644 aere
1004 1604 1285 1657 scalpserunt‚
1321 1603 1362 1644 id
1394 1606 1458 1644 est
1490 1603 1531 1643 in

185 1661 316 1702 aereis
335 1661 492 1702 tabulis
511 1662 782 1716 seripserunt.
816 1662 859 1703 hi
877 1665 1019 1704 tamen
1035 1662 1240 1716 quidquid
1255 1662 1534 1704 instituerunt

185 1720 417 1762 curandum
436 1720 516 1762 erit
533 1723 581 1761 ut
599 1721 682 1762 fide
701 1722 959 1772 aestimetur,
979 1722 1128 1776 nequis
1146 1721 1389 1763 uoluntario
1404 1722 1531 1762 finem
1559 1739 1573 1763 ε’

186 1780 374 1833 proferat
405 1780 534 1834 <aut>
567 1780 641 1822 illa
671 1783 839 1822 tantum
872 1782 976 1822 fides
1008 1781 1221 1835 uideatur,
1258 1796 1363 1835 quae
1401 1780 1533 1822 aereis

187 1839 342 1880 tabulis
369 1838 640 1880 manifestata
661 1843 734 1882 est.
768 1840 882 1894 quod
909 1841 943 1881 si
972 1841 1066 1894 quis
1093 1842 1239 1881 contra
1267 1840 1390 1893 dicat,
1417 1854 1532 1881 sano-

244 1962 276 1989 11
303 1957 347 2000 cf.
369 1956 533 1991 Frontin.
552 1960 582 1998 1,
598 1960 628 1991 6.
662 1956 797 2001 Hygin.
814 1960 870 1998 80,
888 1961 929 1991 14

245 2070 330 2095 4-6
357 2063 457 2097 fusos
484 2063 623 2099 limites
649 2064 708 2098 uel
736 2063 843 2108 signa
869 2064 997 2098 finalia
1025 2064 1117 2098 dicit
1143 2075 1265 2109 maryo
1291 2067 1316 2096 P
1407 2070 1420 2096 7
1449 2074 1532 2098 con-

186 2110 390 2144 funderunt
414 2114 440 2143 P
537 2118 622 2145 8—9
648 2111 858 2146 recederint
882 2115 907 2144 P
998 2118 1033 2144 12
1060 2111 1144 2146 add.
1169 2112 1249 2157 Riy.
1342 2118 1378 2144 18
1403 2110 1442 2145 in
1468 2111 1533 2146 ad-

185 2158 266 2192 didi
287 2159 291 2202 Ι
314 2158 477 2193 arboreis
504 2158 643 2193 tabulis
670 2159 755 2204 La]
784 2158 933 2193 arbores
960 2158 1088 2193 finales
1113 2163 1139 2192 P
1161 2160 1165 2201 l
1187 2158 1293 2193 uenis
1319 2162 1355 2200 P,
1380 2159 1442 2194 sed
1466 2157 1533 2192 alii

184 2205 223 2239 in
251 2204 353 2239 aenis
380 2206 445 2240 alii
474 2206 513 2240 in
539 2206 713 2241 membris
738 2206 778 2240 id
804 2207 860 2240 est
887 2206 953 2240 alii
981 2206 1019 2240 in
1047 2216 1128 2240 aere
1156 2205 1220 2240 alii
1246 2206 1284 2240 in
1310 2205 1532 2240 membranis

185 2253 255 2286 hoc
276 2256 294 2286 e
315 2253 354 2286 in
374 2263 513 2298 mappa
533 2253 594 2288 uel
614 2254 651 2288 in
673 2253 829 2288 codicib.
849 2253 1043 2298 depinxeit
1061 2264 1186 2299 mai-90
1205 2257 1231 2286 P
1297 2260 1423 2287 22—23
1443 2264 1533 2297 quo-

186 2312 266 2334 rum
293 2301 343 2335 sic
367 2304 392 2334 P
499 2308 635 2335 25—26
662 2301 772 2336 finem
796 2301 971 2346 proferat.
999 2301 1040 2345 P]
1067 2301 1176 2337 fidem
1201 2302 1368 2349 proterat
1391 2301 1534 2347 frustra

187 2349 278 2391 La.,·
303 2349 347 2391 cf.
370 2349 449 2383 Iuv.
471 2349 547 2384 Sat.
569 2349 671 2386 XIV
690 2352 760 2388 142

1560 755 1591 779 10

1560 1146 1592 1171 15
