<?xml version="1.0" encoding="UTF-8"?>
<!DOCTYPE html PUBLIC "-//W3C//DTD XHTML 1.0 Transitional//EN"
    "http://www.w3.org/TR/xhtml1/DTD/xhtml1-transitional.dtd">
<html xmlns="http://www.w3.org/1999/xhtml" xml:lang="en" lang="en">
 <head>
  <title>
</title>
<meta http-equiv="Content-Type" content="text/html;charset=utf-8" />
  <meta name='ocr-system' content='tesseract 3.04.00' />
  <meta name='ocr-capabilities' content='ocr_page ocr_carea ocr_par ocr_line ocrx_word'/>
</head>
<body>
  <div class='ocr_page' id='page_1' title='image "./corpusagrimensor01thuluoft_0109.png"; bbox 0 0 1669 2545; ppageno 0'>
   <div class='ocr_carea' id='block_1_1' title="bbox 0 136 8 1062">
    <p class='ocr_par' dir='ltr' id='par_1_1' title="bbox 0 136 8 1062">
     <span class='ocr_line' id='line_1_1' title="bbox 0 136 8 1062; baseline 0 0"><span class='ocrx_word' id='word_1_1' title='bbox 0 136 8 1062; x_wconf 95' lang='lat' dir='ltr'> </span> 
     </span>
    </p>
   </div>
   <div class='ocr_carea' id='block_1_2' title="bbox 1 179 4 1062">
    <p class='ocr_par' dir='ltr' id='par_1_2' title="bbox 1 179 4 1062">
     <span class='ocr_line' id='line_1_2' title="bbox 1 179 4 1062; baseline 0 0"><span class='ocrx_word' id='word_1_2' title='bbox 1 179 4 1062; x_wconf 95' lang='lat' dir='ltr'> </span> 
     </span>
    </p>
   </div>
   <div class='ocr_carea' id='block_1_3' title="bbox 2 179 4 1062">
    <p class='ocr_par' dir='ltr' id='par_1_3' title="bbox 2 179 4 1062">
     <span class='ocr_line' id='line_1_3' title="bbox 2 179 4 1062; baseline 0 0"><span class='ocrx_word' id='word_1_3' title='bbox 2 179 4 1062; x_wconf 95' lang='lat' dir='ltr'> </span> 
     </span>
    </p>
   </div>
   <div class='ocr_carea' id='block_1_4' title="bbox 74 749 107 773">
    <p class='ocr_par' dir='ltr' id='par_1_4' title="bbox 74 749 107 773">
     <span class='ocr_line' id='line_1_4' title="bbox 74 749 107 773; baseline 0 0"><span class='ocrx_word' id='word_1_4' title='bbox 74 749 107 773; x_wconf 89' lang='grc'>10</span> 
     </span>
    </p>
   </div>
   <div class='ocr_carea' id='block_1_5' title="bbox 73 1044 105 1069">
    <p class='ocr_par' dir='ltr' id='par_1_5' title="bbox 73 1044 105 1069">
     <span class='ocr_line' id='line_1_5' title="bbox 73 1044 105 1069; baseline 0.031 -1"><span class='ocrx_word' id='word_1_5' title='bbox 73 1044 105 1069; x_wconf 84' lang='grc'>15</span> 
     </span>
    </p>
   </div>
   <div class='ocr_carea' id='block_1_6' title="bbox 74 1339 108 1364">
    <p class='ocr_par' dir='ltr' id='par_1_6' title="bbox 74 1339 108 1364">
     <span class='ocr_line' id='line_1_6' title="bbox 74 1339 108 1364; baseline -0.029 0"><span class='ocrx_word' id='word_1_6' title='bbox 74 1339 108 1364; x_wconf 86' lang='grc'>20</span> 
     </span>
    </p>
   </div>
   <div class='ocr_carea' id='block_1_7' title="bbox 131 88 1474 132">
    <p class='ocr_par' dir='ltr' id='par_1_7' title="bbox 131 88 1474 132">
     <span class='ocr_line' id='line_1_7' title="bbox 131 88 1474 132; baseline -0.001 -8"><span class='ocrx_word' id='word_1_7' title='bbox 131 90 476 132; x_wconf 74' lang='lat' dir='ltr'>La.135‚11—136‚7</span> <span class='ocrx_word' id='word_1_8' title='bbox 526 89 589 123; x_wconf 88' lang='lat' dir='ltr'>DE</span> <span class='ocrx_word' id='word_1_9' title='bbox 611 88 979 124; x_wconf 80' lang='lat' dir='ltr'>CONDICIONIBVS</span> <span class='ocrx_word' id='word_1_10' title='bbox 1000 90 1107 124; x_wconf 78' lang='lat' dir='ltr'><strong>AGR.</strong></span> <span class='ocrx_word' id='word_1_11' title='bbox 1319 90 1345 123; x_wconf 91' lang='lat' dir='ltr'>P</span> <span class='ocrx_word' id='word_1_12' title='bbox 1420 91 1474 131; x_wconf 84' lang='lat'>99</span> 
     </span>
    </p>
   </div>
   <div class='ocr_carea' id='block_1_8' title="bbox 130 198 1621 1552">
    <p class='ocr_par' dir='ltr' id='par_1_8' title="bbox 130 198 1477 429">
     <span class='ocr_line' id='line_1_8' title="bbox 130 198 1476 253; baseline -0.001 -13"><span class='ocrx_word' id='word_1_13' title='bbox 130 199 276 240; x_wconf 86' lang='lat' dir='ltr'>hostes</span> <span class='ocrx_word' id='word_1_14' title='bbox 297 212 444 239; x_wconf 91' lang='lat' dir='ltr'>eorum</span> <span class='ocrx_word' id='word_1_15' title='bbox 466 213 582 238; x_wconf 87' lang='lat' dir='ltr'>arma</span> <span class='ocrx_word' id='word_1_16' title='bbox 604 198 804 238; x_wconf 88' lang='lat' dir='ltr'>tulerunt.</span> <span class='ocrx_word' id='word_1_17' title='bbox 845 198 960 253; x_wconf 83' lang='lat' dir='ltr'>leges</span> <span class='ocrx_word' id='word_1_18' title='bbox 987 199 1131 251; x_wconf 81' lang='lat' dir='ltr'>itaque</span> <span class='ocrx_word' id='word_1_19' title='bbox 1158 213 1233 252; x_wconf 91' lang='lat' dir='ltr'>pro</span> <span class='ocrx_word' id='word_1_20' title='bbox 1261 213 1336 239; x_wconf 89' lang='lat' dir='ltr'>suo</span> <span class='ocrx_word' id='word_1_21' title='bbox 1365 199 1476 253; x_wconf 89' lang='lat' dir='ltr'>quis-</span> 
     </span>
     <span class='ocr_line' id='line_1_9' title="bbox 132 257 1477 312; baseline 0 -14"><span class='ocrx_word' id='word_1_22' title='bbox 132 273 212 312; x_wconf 90' lang='lat' dir='ltr'>que</span> <span class='ocrx_word' id='word_1_23' title='bbox 239 258 388 299; x_wconf 85' lang='lat' dir='ltr'>merito</span> <span class='ocrx_word' id='word_1_24' title='bbox 416 259 683 311; x_wconf 86' lang='lat' dir='ltr'>acceperunt:</span> <span class='ocrx_word' id='word_1_25' title='bbox 710 270 846 310; x_wconf 89' lang='lat' dir='ltr'>neque</span> <span class='ocrx_word' id='word_1_26' title='bbox 872 257 984 298; x_wconf 90' lang='lat' dir='ltr'>enim</span> <span class='ocrx_word' id='word_1_27' title='bbox 1013 260 1103 298; x_wconf 84' lang='lat' dir='ltr'>erat</span> <span class='ocrx_word' id='word_1_28' title='bbox 1128 258 1300 312; x_wconf 74' lang='lat' dir='ltr'>iustum,</span> <span class='ocrx_word' id='word_1_29' title='bbox 1326 261 1374 298; x_wconf 88' lang='lat' dir='ltr'>ut</span> <span class='ocrx_word' id='word_1_30' title='bbox 1398 257 1477 311; x_wconf 79' lang='lat' dir='ltr'>his,</span> 
     </span>
     <span class='ocr_line' id='line_1_10' title="bbox 133 316 1477 370; baseline 0 -13"><span class='ocrx_word' id='word_1_31' title='bbox 133 317 205 370; x_wconf 86' lang='lat' dir='ltr'>qui</span> <span class='ocrx_word' id='word_1_32' title='bbox 240 317 395 358; x_wconf 85' lang='lat' dir='ltr'>totiens</span> <span class='ocrx_word' id='word_1_33' title='bbox 428 316 627 357; x_wconf 88' lang='lat' dir='ltr'>ammisso</span> <span class='ocrx_word' id='word_1_34' title='bbox 660 316 846 369; x_wconf 88' lang='lat' dir='ltr'>periurio</span> <span class='ocrx_word' id='word_1_35' title='bbox 879 330 1029 370; x_wconf 88' lang='lat' dir='ltr'>rupere</span> <span class='ocrx_word' id='word_1_36' title='bbox 1061 330 1205 370; x_wconf 88' lang='lat' dir='ltr'>pacem</span> <span class='ocrx_word' id='word_1_37' title='bbox 1240 330 1287 357; x_wconf 90' lang='lat' dir='ltr'>ac</span> <span class='ocrx_word' id='word_1_38' title='bbox 1318 316 1477 358; x_wconf 90' lang='lat' dir='ltr'>bellum</span> 
     </span>
     <span class='ocr_line' id='line_1_11' title="bbox 132 375 1475 429; baseline -0.001 -12"><span class='ocrx_word' id='word_1_39' title='bbox 132 375 312 417; x_wconf 86' lang='lat' dir='ltr'>intulere</span> <span class='ocrx_word' id='word_1_40' title='bbox 335 375 550 428; x_wconf 79' lang='lat' dir='ltr'>Romanis,</span> <span class='ocrx_word' id='word_1_41' title='bbox 575 375 687 415; x_wconf 86' lang='lat' dir='ltr'>idem</span> <span class='ocrx_word' id='word_1_42' title='bbox 713 375 920 429; x_wconf 88' lang='lat' dir='ltr'>praestari</span> <span class='ocrx_word' id='word_1_43' title='bbox 942 375 1055 429; x_wconf 91' lang='lat' dir='ltr'>quod</span> <span class='ocrx_word' id='word_1_44' title='bbox 1078 375 1274 416; x_wconf 89' lang='lat' dir='ltr'>fidelibus</span> <span class='ocrx_word' id='word_1_45' title='bbox 1295 375 1475 429; x_wconf 86' lang='lat' dir='ltr'>populis.</span> 
     </span>
    </p>

    <p class='ocr_par' dir='ltr' id='par_1_9' title="bbox 133 434 1479 548">
     <span class='ocr_line' id='line_1_12' title="bbox 191 434 1479 490; baseline 0 -15"><span class='ocrx_word' id='word_1_46' title='bbox 191 435 380 476; x_wconf 88' lang='lat' dir='ltr'>Primum</span> <span class='ocrx_word' id='word_1_47' title='bbox 404 449 504 490; x_wconf 82' lang='lat' dir='ltr'>crgo</span> <span class='ocrx_word' id='word_1_48' title='bbox 526 434 793 475; x_wconf 80' lang='lat' dir='ltr'>referendum</span> <span class='ocrx_word' id='word_1_49' title='bbox 822 437 896 484; x_wconf 86' lang='lat' dir='ltr'>est,</span> <span class='ocrx_word' id='word_1_50' title='bbox 923 434 1229 488; x_wconf 74' lang='lat' dir='ltr'>appellationes</span> <span class='ocrx_word' id='word_1_51' title='bbox 1256 438 1303 475; x_wconf 90' lang='lat' dir='ltr'>ut</span> <span class='ocrx_word' id='word_1_52' title='bbox 1329 435 1479 476; x_wconf 87' lang='lat' dir='ltr'>fierent</span> 
     </span>
     <span class='ocr_line' id='line_1_13' title="bbox 133 493 745 548; baseline -0.002 -13"><span class='ocrx_word' id='word_1_53' title='bbox 133 494 322 536; x_wconf 89' lang='lat' dir='ltr'>coloniae</span> <span class='ocrx_word' id='word_1_54' title='bbox 349 496 423 534; x_wconf 88' lang='lat' dir='ltr'>aut</span> <span class='ocrx_word' id='word_1_55' title='bbox 448 493 745 548; x_wconf 73' lang='lat' dir='ltr'>praefecturae.</span> 
     </span>
    </p>

    <p class='ocr_par' dir='ltr' id='par_1_10' title="bbox 132 552 1479 665">
     <span class='ocr_line' id='line_1_14' title="bbox 191 552 1479 607; baseline 0 -14"><span class='ocrx_word' id='word_1_56' title='bbox 191 553 423 607; x_wconf 87' lang='lat' dir='ltr'>Municipia</span> <span class='ocrx_word' id='word_1_57' title='bbox 456 552 628 606; x_wconf 88' lang='lat' dir='ltr'>quidam</span> <span class='ocrx_word' id='word_1_58' title='bbox 660 554 814 607; x_wconf 88' lang='lat' dir='ltr'>putant</span> <span class='ocrx_word' id='word_1_59' title='bbox 846 566 870 592; x_wconf 90' lang='lat' dir='ltr'>a</span> <span class='ocrx_word' id='word_1_60' title='bbox 898 552 1209 594; x_wconf 70' lang='lat' dir='ltr'>munitionibus</span> <span class='ocrx_word' id='word_1_61' title='bbox 1243 552 1372 602; x_wconf 76' lang='lat' dir='ltr'>dicta;</span> <span class='ocrx_word' id='word_1_62' title='bbox 1407 553 1479 593; x_wconf 86' lang='lat' dir='ltr'>alii</span> 
     </span>
     <span class='ocr_line' id='line_1_15' title="bbox 132 611 1351 665; baseline -0.001 -13"><span class='ocrx_word' id='word_1_63' title='bbox 132 627 156 652; x_wconf 89' lang='lat' dir='ltr'>a</span> <span class='ocrx_word' id='word_1_64' title='bbox 182 612 483 665; x_wconf 72' lang='lat' dir='ltr'>munificentia,</span> <span class='ocrx_word' id='word_1_65' title='bbox 510 626 558 653; x_wconf 91' lang='lat' dir='ltr'>eo</span> <span class='ocrx_word' id='word_1_66' title='bbox 587 612 701 665; x_wconf 89' lang='lat' dir='ltr'>quod</span> <span class='ocrx_word' id='word_1_67' title='bbox 727 611 952 652; x_wconf 87' lang='lat' dir='ltr'>munificae</span> <span class='ocrx_word' id='word_1_68' title='bbox 978 616 1119 652; x_wconf 80' lang='lat' dir='ltr'>essent</span> <span class='ocrx_word' id='word_1_69' title='bbox 1145 612 1351 653; x_wconf 85' lang='lat' dir='ltr'>ciuitates.</span> 
     </span>
    </p>

    <p class='ocr_par' dir='ltr' id='par_1_11' title="bbox 131 670 1621 1481">
     <span class='ocr_line' id='line_1_16' title="bbox 193 670 1480 725; baseline -0.001 -13"><span class='ocrx_word' id='word_1_70' title='bbox 193 671 394 712; x_wconf 80' lang='lat' dir='ltr'>Coloniae</span> <span class='ocrx_word' id='word_1_71' title='bbox 426 674 568 711; x_wconf 90' lang='lat' dir='ltr'>autem</span> <span class='ocrx_word' id='word_1_72' title='bbox 594 671 692 711; x_wconf 91' lang='lat' dir='ltr'>inde</span> <span class='ocrx_word' id='word_1_73' title='bbox 719 671 855 711; x_wconf 86' lang='lat' dir='ltr'>dictae</span> <span class='ocrx_word' id='word_1_74' title='bbox 889 673 1005 724; x_wconf 78' lang='lat' dir='ltr'>sunt,</span> <span class='ocrx_word' id='word_1_75' title='bbox 1038 671 1152 724; x_wconf 88' lang='lat' dir='ltr'>quod</span> <span class='ocrx_word' id='word_1_76' title='bbox 1187 670 1368 725; x_wconf 75' lang='lat' dir='ltr'>[populi]</span> <span class='ocrx_word' id='word_1_77' title='bbox 1398 671 1480 712; x_wconf 84' lang='lat' dir='ltr'>Ro-</span> 
     </span>
     <span class='ocr_line' id='line_1_17' title="bbox 133 728 1597 785; baseline -0.001 -15"><span class='ocrx_word' id='word_1_78' title='bbox 133 731 246 771; x_wconf 82' lang='lat' dir='ltr'>mani</span> <span class='ocrx_word' id='word_1_79' title='bbox 279 730 321 771; x_wconf 91' lang='lat' dir='ltr'>in</span> <span class='ocrx_word' id='word_1_80' title='bbox 348 745 395 771; x_wconf 90' lang='lat' dir='ltr'>ea</span> <span class='ocrx_word' id='word_1_81' title='bbox 427 730 659 784; x_wconf 88' lang='lat' dir='ltr'>municipia</span> <span class='ocrx_word' id='word_1_82' title='bbox 693 728 697 785; x_wconf 78' lang='lat' dir='ltr'>l</span> <span class='ocrx_word' id='word_1_83' title='bbox 732 730 926 770; x_wconf 88' lang='lat' dir='ltr'>miserint</span> <span class='ocrx_word' id='word_1_84' title='bbox 953 731 1146 781; x_wconf 84' lang='lat' dir='ltr'>colonos,</span> <span class='ocrx_word' id='word_1_85' title='bbox 1178 730 1247 770; x_wconf 91' lang='lat' dir='ltr'>uel</span> <span class='ocrx_word' id='word_1_86' title='bbox 1279 730 1331 770; x_wconf 88' lang='lat' dir='ltr'>ad</span> <span class='ocrx_word' id='word_1_87' title='bbox 1363 732 1479 784; x_wconf 89' lang='lat' dir='ltr'>ipsos</span> <span class='ocrx_word' id='word_1_88' title='bbox 1504 735 1597 769; x_wconf 54' lang='grc' dir='ltr'>ΡΝ</span> 
     </span>
     <span class='ocr_line' id='line_1_18' title="bbox 132 789 1480 844; baseline -0.001 -14"><span class='ocrx_word' id='word_1_89' title='bbox 132 790 293 843; x_wconf 81' lang='lat' dir='ltr'>priores</span> <span class='ocrx_word' id='word_1_90' title='bbox 307 789 638 844; x_wconf 80' lang='lat' dir='ltr'>municipiorum</span> <span class='ocrx_word' id='word_1_91' title='bbox 648 790 832 843; x_wconf 90' lang='lat' dir='ltr'>populos</span> <span class='ocrx_word' id='word_1_92' title='bbox 846 789 1141 843; x_wconf 79' lang='lat' dir='ltr'>cohercendos,</span> <span class='ocrx_word' id='word_1_93' title='bbox 1150 789 1217 830; x_wconf 91' lang='lat' dir='ltr'>uel</span> <span class='ocrx_word' id='word_1_94' title='bbox 1230 789 1280 829; x_wconf 89' lang='lat' dir='ltr'>ad</span> <span class='ocrx_word' id='word_1_95' title='bbox 1291 789 1480 830; x_wconf 87' lang='lat' dir='ltr'>hostium</span> 
     </span>
     <span class='ocr_line' id='line_1_19' title="bbox 131 848 1621 903; baseline -0.001 -14"><span class='ocrx_word' id='word_1_96' title='bbox 131 850 325 889; x_wconf 84' lang='lat' dir='ltr'>incursus</span> <span class='ocrx_word' id='word_1_97' title='bbox 351 849 628 903; x_wconf 87' lang='lat' dir='ltr'>repellendos.</span> <span class='ocrx_word' id='word_1_98' title='bbox 659 850 663 902; x_wconf 65' lang='grc'>1</span> <span class='ocrx_word' id='word_1_99' title='bbox 693 848 882 890; x_wconf 83' lang='lat' dir='ltr'>colonias</span> <span class='ocrx_word' id='word_1_100' title='bbox 909 851 1050 889; x_wconf 84' lang='lat' dir='ltr'>autem</span> <span class='ocrx_word' id='word_1_101' title='bbox 1072 863 1216 890; x_wconf 89' lang='lat' dir='ltr'>omnes</span> <span class='ocrx_word' id='word_1_102' title='bbox 1244 848 1480 889; x_wconf 86' lang='lat' dir='ltr'>maritimas</span> <span class='ocrx_word' id='word_1_103' title='bbox 1500 853 1621 896; x_wconf 67' lang='lat' dir='ltr'>F2V‚25</span> 
     </span>
     <span class='ocr_line' id='line_1_20' title="bbox 132 907 1482 962; baseline 0 -14"><span class='ocrx_word' id='word_1_104' title='bbox 132 909 473 962; x_wconf 83' lang='lat' dir='ltr'>appellauerunt,</span> <span class='ocrx_word' id='word_1_105' title='bbox 509 909 578 948; x_wconf 92' lang='lat' dir='ltr'>uel</span> <span class='ocrx_word' id='word_1_106' title='bbox 610 908 724 961; x_wconf 87' lang='lat' dir='ltr'>quod</span> <span class='ocrx_word' id='word_1_107' title='bbox 757 909 866 948; x_wconf 72' lang='lat' dir='ltr'>mari</span> <span class='ocrx_word' id='word_1_108' title='bbox 900 907 944 948; x_wconf 90' lang='lat' dir='ltr'>in</span> <span class='ocrx_word' id='word_1_109' title='bbox 976 908 1042 948; x_wconf 87' lang='lat' dir='ltr'>his</span> <span class='ocrx_word' id='word_1_110' title='bbox 1076 907 1369 960; x_wconf 78' lang='lat' dir='ltr'>deduceretur,</span> <span class='ocrx_word' id='word_1_111' title='bbox 1400 908 1482 962; x_wconf 84' lang='lat' dir='ltr'>uel,</span> 
     </span>
     <span class='ocr_line' id='line_1_21' title="bbox 133 966 1480 1021; baseline -0.001 -13"><span class='ocrx_word' id='word_1_112' title='bbox 133 967 245 1020; x_wconf 88' lang='lat' dir='ltr'>quod</span> <span class='ocrx_word' id='word_1_113' title='bbox 260 966 455 1021; x_wconf 86' lang='lat' dir='ltr'>pluribus</span> <span class='ocrx_word' id='word_1_114' title='bbox 472 967 622 1021; x_wconf 86' lang='lat' dir='ltr'>placet,</span> <span class='ocrx_word' id='word_1_115' title='bbox 637 967 872 1008; x_wconf 85' lang='lat' dir='ltr'>maritimas</span> <span class='ocrx_word' id='word_1_116' title='bbox 890 967 1094 1020; x_wconf 87' lang='lat' dir='ltr'>appellari</span> <span class='ocrx_word' id='word_1_117' title='bbox 1112 967 1357 1008; x_wconf 83' lang='lat' dir='ltr'>existimant</span> <span class='ocrx_word' id='word_1_118' title='bbox 1374 967 1480 1021; x_wconf 70' lang='lat' dir='ltr'>ideo,</span> 
     </span>
     <span class='ocr_line' id='line_1_22' title="bbox 133 1025 1480 1081; baseline -0.001 -14"><span class='ocrx_word' id='word_1_119' title='bbox 133 1026 246 1080; x_wconf 89' lang='lat' dir='ltr'>quod</span> <span class='ocrx_word' id='word_1_120' title='bbox 272 1025 398 1067; x_wconf 85' lang='lat' dir='ltr'>Italia</span> <span class='ocrx_word' id='word_1_121' title='bbox 429 1026 481 1066; x_wconf 87' lang='lat' dir='ltr'>ab</span> <span class='ocrx_word' id='word_1_122' title='bbox 509 1026 691 1080; x_wconf 87' lang='lat' dir='ltr'>Alpibus</span> <span class='ocrx_word' id='word_1_123' title='bbox 725 1026 767 1066; x_wconf 91' lang='lat' dir='ltr'>in</span> <span class='ocrx_word' id='word_1_124' title='bbox 800 1039 912 1066; x_wconf 90' lang='lat' dir='ltr'>mare</span> <span class='ocrx_word' id='word_1_125' title='bbox 941 1027 1189 1081; x_wconf 80' lang='lat' dir='ltr'>porrigatur</span> <span class='ocrx_word' id='word_1_126' title='bbox 1215 1027 1318 1080; x_wconf 81' lang='lat' dir='ltr'>a&lt;c&gt;</span> <span class='ocrx_word' id='word_1_127' title='bbox 1343 1026 1480 1067; x_wconf 88' lang='lat' dir='ltr'>tribus</span> 
     </span>
     <span class='ocr_line' id='line_1_23' title="bbox 131 1085 1481 1140; baseline 0 -14"><span class='ocrx_word' id='word_1_128' title='bbox 131 1085 336 1126; x_wconf 87' lang='lat' dir='ltr'>lateribus</span> <span class='ocrx_word' id='word_1_129' title='bbox 369 1088 532 1126; x_wconf 85' lang='lat' dir='ltr'>exteras</span> <span class='ocrx_word' id='word_1_130' title='bbox 569 1088 715 1140; x_wconf 82' lang='lat' dir='ltr'>gentes</span> <span class='ocrx_word' id='word_1_131' title='bbox 749 1086 974 1126; x_wconf 90' lang='lat' dir='ltr'>intueatur.</span> <span class='ocrx_word' id='word_1_132' title='bbox 1027 1100 1050 1125; x_wconf 91' lang='lat' dir='ltr'>a</span> <span class='ocrx_word' id='word_1_133' title='bbox 1085 1085 1229 1127; x_wconf 82' lang='lat' dir='ltr'>Sicilia</span> <span class='ocrx_word' id='word_1_134' title='bbox 1259 1100 1393 1140; x_wconf 88' lang='lat' dir='ltr'>usque</span> <span class='ocrx_word' id='word_1_135' title='bbox 1429 1086 1481 1126; x_wconf 88' lang='lat' dir='ltr'>ad</span> 
     </span>
     <span class='ocr_line' id='line_1_24' title="bbox 134 1142 1481 1186; baseline -0.001 -1"><span class='ocrx_word' id='word_1_136' title='bbox 134 1142 313 1186; x_wconf 83' lang='lat' dir='ltr'>Galliam</span> <span class='ocrx_word' id='word_1_137' title='bbox 353 1159 477 1185; x_wconf 85' lang='lat' dir='ltr'>omne</span> <span class='ocrx_word' id='word_1_138' title='bbox 515 1145 617 1185; x_wconf 87' lang='lat' dir='ltr'>litus</span> <span class='ocrx_word' id='word_1_139' title='bbox 650 1144 820 1185; x_wconf 78' lang='lat' dir='ltr'>Africae</span> <span class='ocrx_word' id='word_1_140' title='bbox 858 1147 921 1185; x_wconf 91' lang='lat' dir='ltr'>est</span> <span class='ocrx_word' id='word_1_141' title='bbox 959 1145 1235 1185; x_wconf 88' lang='lat' dir='ltr'>contrarium:</span> <span class='ocrx_word' id='word_1_142' title='bbox 1274 1159 1418 1186; x_wconf 88' lang='lat' dir='ltr'>rursus</span> <span class='ocrx_word' id='word_1_143' title='bbox 1458 1160 1481 1184; x_wconf 87' lang='lat' dir='ltr'>a</span> 
     </span>
     <span class='ocr_line' id='line_1_25' title="bbox 133 1203 1483 1258; baseline 0 -14"><span class='ocrx_word' id='word_1_144' title='bbox 133 1204 393 1257; x_wconf 83' lang='lat' dir='ltr'>Leucopetra</span> <span class='ocrx_word' id='word_1_145' title='bbox 420 1219 529 1258; x_wconf 80' lang='lat' dir='ltr'>pars,</span> <span class='ocrx_word' id='word_1_146' title='bbox 560 1218 666 1257; x_wconf 86' lang='lat' dir='ltr'>quae</span> <span class='ocrx_word' id='word_1_147' title='bbox 694 1204 744 1244; x_wconf 88' lang='lat' dir='ltr'>ad</span> <span class='ocrx_word' id='word_1_148' title='bbox 771 1218 885 1244; x_wconf 88' lang='lat' dir='ltr'>mare</span> <span class='ocrx_word' id='word_1_149' title='bbox 912 1204 1087 1258; x_wconf 84' lang='lat' dir='ltr'>attingit</span> <span class='ocrx_word' id='word_1_150' title='bbox 1111 1203 1399 1253; x_wconf 81' lang='lat' dir='ltr'>Macedoniae,</span> <span class='ocrx_word' id='word_1_151' title='bbox 1426 1204 1483 1244; x_wconf 79' lang='lat' dir='ltr'>ad</span> 
     </span>
     <span class='ocr_line' id='line_1_26' title="bbox 134 1262 1480 1317; baseline 0.001 -14"><span class='ocrx_word' id='word_1_152' title='bbox 134 1263 318 1316; x_wconf 83' lang='lat' dir='ltr'>aliquam</span> <span class='ocrx_word' id='word_1_153' title='bbox 352 1262 473 1317; x_wconf 84' lang='lat' dir='ltr'>Epiri</span> <span class='ocrx_word' id='word_1_154' title='bbox 506 1266 668 1317; x_wconf 88' lang='lat' dir='ltr'>partem</span> <span class='ocrx_word' id='word_1_155' title='bbox 702 1265 881 1316; x_wconf 86' lang='lat' dir='ltr'>spectat:</span> <span class='ocrx_word' id='word_1_156' title='bbox 921 1262 1214 1304; x_wconf 85' lang='lat' dir='ltr'>Hadriaticum</span> <span class='ocrx_word' id='word_1_157' title='bbox 1246 1277 1347 1304; x_wconf 88' lang='lat' dir='ltr'>uero</span> <span class='ocrx_word' id='word_1_158' title='bbox 1379 1263 1480 1304; x_wconf 91' lang='lat' dir='ltr'>litus</span> 
     </span>
     <span class='ocr_line' id='line_1_27' title="bbox 132 1320 1481 1376; baseline 0.001 -14"><span class='ocrx_word' id='word_1_159' title='bbox 132 1320 349 1375; x_wconf 74' lang='lat' dir='ltr'>Illyricum</span> <span class='ocrx_word' id='word_1_160' title='bbox 377 1325 526 1362; x_wconf 89' lang='lat' dir='ltr'>contra</span> <span class='ocrx_word' id='word_1_161' title='bbox 553 1336 595 1362; x_wconf 87' lang='lat' dir='ltr'>se</span> <span class='ocrx_word' id='word_1_162' title='bbox 621 1321 762 1363; x_wconf 90' lang='lat' dir='ltr'>habet.</span> <span class='ocrx_word' id='word_1_163' title='bbox 801 1322 846 1362; x_wconf 88' lang='lat' dir='ltr'>in</span> <span class='ocrx_word' id='word_1_164' title='bbox 864 1321 932 1362; x_wconf 89' lang='lat' dir='ltr'>his</span> <span class='ocrx_word' id='word_1_165' title='bbox 956 1336 1057 1376; x_wconf 80' lang='lat' dir='ltr'>ergo</span> <span class='ocrx_word' id='word_1_166' title='bbox 1079 1322 1276 1363; x_wconf 88' lang='lat' dir='ltr'>litoribus</span> <span class='ocrx_word' id='word_1_167' title='bbox 1298 1322 1481 1363; x_wconf 87' lang='lat' dir='ltr'>Romani</span> 
     </span>
     <span class='ocr_line' id='line_1_28' title="bbox 133 1380 1481 1435; baseline 0 -13"><span class='ocrx_word' id='word_1_168' title='bbox 133 1380 306 1422; x_wconf 91' lang='lat' dir='ltr'>colonos</span> <span class='ocrx_word' id='word_1_169' title='bbox 333 1382 558 1432; x_wconf 87' lang='lat' dir='ltr'>miserunt,</span> <span class='ocrx_word' id='word_1_170' title='bbox 590 1384 638 1422; x_wconf 89' lang='lat' dir='ltr'>ut</span> <span class='ocrx_word' id='word_1_171' title='bbox 665 1395 792 1435; x_wconf 87' lang='lat' dir='ltr'>supra</span> <span class='ocrx_word' id='word_1_172' title='bbox 818 1381 1019 1435; x_wconf 75' lang='lat' dir='ltr'>diximus,</span> <span class='ocrx_word' id='word_1_173' title='bbox 1046 1383 1127 1435; x_wconf 41' lang='lat' dir='ltr'>⁸qui</span> <span class='ocrx_word' id='word_1_174' title='bbox 1157 1383 1306 1435; x_wconf 74' lang='lat' dir='ltr'>ora&lt;s&gt;</span> <span class='ocrx_word' id='word_1_175' title='bbox 1332 1380 1481 1422; x_wconf 89' lang='lat' dir='ltr'>Italiae</span> 
     </span>
     <span class='ocr_line' id='line_1_29' title="bbox 132 1443 362 1481; baseline 0.004 -1"><span class='ocrx_word' id='word_1_176' title='bbox 132 1443 362 1481; x_wconf 84' lang='lat' dir='ltr'>tuerentur.</span> 
     </span>
    </p>

    <p class='ocr_par' dir='ltr' id='par_1_12' title="bbox 191 1498 1481 1552">
     <span class='ocr_line' id='line_1_30' title="bbox 191 1498 1481 1552; baseline 0.001 -13"><span class='ocrx_word' id='word_1_177' title='bbox 191 1498 314 1540; x_wconf 88' lang='lat' dir='ltr'>Aliae</span> <span class='ocrx_word' id='word_1_178' title='bbox 350 1499 499 1540; x_wconf 89' lang='lat' dir='ltr'>deinde</span> <span class='ocrx_word' id='word_1_179' title='bbox 538 1513 686 1540; x_wconf 87' lang='lat' dir='ltr'>causae</span> <span class='ocrx_word' id='word_1_180' title='bbox 721 1502 964 1552; x_wconf 81' lang='lat' dir='ltr'>creuerunt,</span> <span class='ocrx_word' id='word_1_181' title='bbox 998 1535 1003 1540; x_wconf 92' lang='lat'><em>.</em></span> <span class='ocrx_word' id='word_1_182' title='bbox 1033 1535 1038 1540; x_wconf 88' lang='lat'>.</span> <span class='ocrx_word' id='word_1_183' title='bbox 1069 1534 1075 1540; x_wconf 93' lang='lat'><strong>.</strong></span> <span class='ocrx_word' id='word_1_184' title='bbox 1105 1535 1111 1540; x_wconf 95' lang='lat'>.</span> <span class='ocrx_word' id='word_1_185' title='bbox 1146 1499 1331 1542; x_wconf 81' lang='lat' dir='ltr'>Graccus</span> <span class='ocrx_word' id='word_1_186' title='bbox 1370 1501 1481 1542; x_wconf 88' lang='lat' dir='ltr'>colo-</span> 
     </span>
    </p>
   </div>
   <div class='ocr_carea' id='block_1_9' title="bbox 190 1615 1011 1660">
    <p class='ocr_par' dir='ltr' id='par_1_13' title="bbox 190 1615 1011 1660">
     <span class='ocr_line' id='line_1_31' title="bbox 190 1615 1011 1660; baseline 0 -10"><span class='ocrx_word' id='word_1_187' title='bbox 190 1622 209 1649; x_wconf 78' lang='grc'>9</span> <span class='ocrx_word' id='word_1_188' title='bbox 235 1616 279 1658; x_wconf 81' lang='lat' dir='ltr'>cf.</span> <span class='ocrx_word' id='word_1_189' title='bbox 302 1615 438 1650; x_wconf 89' lang='lat' dir='ltr'>Comm.</span> <span class='ocrx_word' id='word_1_190' title='bbox 463 1619 517 1658; x_wconf 76' lang='lat'>65,</span> <span class='ocrx_word' id='word_1_191' title='bbox 535 1619 672 1650; x_wconf 76' lang='lat'>12—13</span> <span class='ocrx_word' id='word_1_192' title='bbox 770 1623 806 1649; x_wconf 80' lang='lat'>12</span> <span class='ocrx_word' id='word_1_193' title='bbox 831 1618 876 1660; x_wconf 80' lang='lat' dir='ltr'>cf.</span> <span class='ocrx_word' id='word_1_194' title='bbox 900 1620 954 1657; x_wconf 75' lang='lat'>13,</span> <span class='ocrx_word' id='word_1_195' title='bbox 972 1621 1011 1650; x_wconf 89' lang='lat'>11</span> 
     </span>
    </p>
   </div>
   <div class='ocr_carea' id='block_1_10' title="bbox 132 1724 1482 2194">
    <p class='ocr_par' dir='ltr' id='par_1_14' title="bbox 132 1724 1482 2194">
     <span class='ocr_line' id='line_1_32' title="bbox 191 1724 1424 1768; baseline 0.002 -13"><span class='ocrx_word' id='word_1_196' title='bbox 191 1729 206 1755; x_wconf 96' lang='lat'>1</span> <span class='ocrx_word' id='word_1_197' title='bbox 233 1732 335 1755; x_wconf 88' lang='lat' dir='ltr'>arma</span> <span class='ocrx_word' id='word_1_198' title='bbox 361 1733 486 1756; x_wconf 85' lang='lat' dir='ltr'>eorum</span> <span class='ocrx_word' id='word_1_199' title='bbox 512 1726 537 1755; x_wconf 89' lang='lat' dir='ltr'>P</span> <span class='ocrx_word' id='word_1_200' title='bbox 635 1729 651 1755; x_wconf 83' lang='lat'><strong>2</strong></span> <span class='ocrx_word' id='word_1_201' title='bbox 681 1724 723 1756; x_wconf 82' lang='lat' dir='ltr'>ut</span> <span class='ocrx_word' id='word_1_202' title='bbox 747 1733 827 1757; x_wconf 70' lang='lat' dir='ltr'>cum</span> <span class='ocrx_word' id='word_1_203' title='bbox 853 1734 923 1757; x_wconf 78' lang='grc'><strong>((00.</strong></span> <span class='ocrx_word' id='word_1_204' title='bbox 952 1733 978 1757; x_wconf 80' lang='lat' dir='ltr'>c.</span> <span class='ocrx_word' id='word_1_205' title='bbox 1007 1724 1074 1766; x_wconf 72' lang='lat' dir='ltr'>inf.</span> <span class='ocrx_word' id='word_1_206' title='bbox 1102 1736 1135 1757; x_wconf 74' lang='lat' dir='ltr'>u.</span> <span class='ocrx_word' id='word_1_207' title='bbox 1159 1724 1297 1768; x_wconf 70' lang='lat' dir='ltr'>Hyyin.</span> <span class='ocrx_word' id='word_1_208' title='bbox 1321 1726 1379 1765; x_wconf 82' lang='lat'>95,</span> <span class='ocrx_word' id='word_1_209' title='bbox 1399 1726 1424 1758; x_wconf 73' lang='lat'><em>2</em></span> 
     </span>
     <span class='ocr_line' id='line_1_33' title="bbox 133 1768 1481 1815; baseline 0.001 -13"><span class='ocrx_word' id='word_1_210' title='bbox 133 1776 150 1801; x_wconf 82' lang='grc'>6</span> <span class='ocrx_word' id='word_1_211' title='bbox 175 1768 448 1815; x_wconf 85' lang='lat' dir='ltr'>praefecturae]</span> <span class='ocrx_word' id='word_1_212' title='bbox 479 1771 598 1804; x_wconf 75' lang='lat' dir='ltr'>‘immo</span> <span class='ocrx_word' id='word_1_213' title='bbox 625 1770 834 1814; x_wconf 84' lang='lat' dir='ltr'>municipii&#39;</span> <span class='ocrx_word' id='word_1_214' title='bbox 857 1771 927 1805; x_wconf 76' lang='lat' dir='ltr'>La.</span> <span class='ocrx_word' id='word_1_215' title='bbox 967 1771 1024 1805; x_wconf 85' lang='lat' dir='ltr'>De</span> <span class='ocrx_word' id='word_1_216' title='bbox 1049 1771 1291 1814; x_wconf 71' lang='lat' dir='ltr'>appellatione</span> <span class='ocrx_word' id='word_1_217' title='bbox 1316 1770 1481 1815; x_wconf 85' lang='lat' dir='ltr'>praefec-</span> 
     </span>
     <span class='ocr_line' id='line_1_34' title="bbox 132 1817 1482 1864; baseline 0.001 -14"><span class='ocrx_word' id='word_1_218' title='bbox 132 1818 237 1850; x_wconf 86' lang='lat' dir='ltr'>turae</span> <span class='ocrx_word' id='word_1_219' title='bbox 257 1817 341 1851; x_wconf 78' lang='lat' dir='ltr'>uz&#39;de</span> <span class='ocrx_word' id='word_1_220' title='bbox 361 1819 443 1859; x_wconf 76' lang='lat'>124,</span> <span class='ocrx_word' id='word_1_221' title='bbox 456 1820 515 1859; x_wconf 78' lang='lat'>17‚·</span> <span class='ocrx_word' id='word_1_222' title='bbox 535 1818 596 1851; x_wconf 77' lang='lat' dir='ltr'>sed</span> <span class='ocrx_word' id='word_1_223' title='bbox 615 1818 732 1852; x_wconf 67' lang='lat' dir='ltr'>nescio</span> <span class='ocrx_word' id='word_1_224' title='bbox 751 1829 801 1852; x_wconf 70' lang='grc' dir='ltr'>(ιη</span> <span class='ocrx_word' id='word_1_225' title='bbox 821 1819 1021 1852; x_wconf 71' lang='lat' dir='ltr'>exciderim</span> <span class='ocrx_word' id='word_1_226' title='bbox 1040 1817 1133 1863; x_wconf 83' lang='lat' dir='ltr'>&lt;aut</span> <span class='ocrx_word' id='word_1_227' title='bbox 1152 1818 1383 1864; x_wconf 79' lang='lat' dir='ltr'>municipia&gt;</span> <span class='ocrx_word' id='word_1_228' title='bbox 1398 1823 1482 1862; x_wconf 74' lang='lat' dir='ltr'>post</span> 
     </span>
     <span class='ocr_line' id='line_1_35' title="bbox 134 1863 1480 1909; baseline 0.001 -12"><span class='ocrx_word' id='word_1_229' title='bbox 134 1863 298 1898; x_wconf 89' lang='lat' dir='ltr'>coloniae</span> <span class='ocrx_word' id='word_1_230' title='bbox 361 1871 470 1898; x_wconf 79' lang='lat'>12—13</span> <span class='ocrx_word' id='word_1_231' title='bbox 491 1864 657 1899; x_wconf 82' lang='lat' dir='ltr'>coloniae</span> <span class='ocrx_word' id='word_1_232' title='bbox 678 1876 802 1899; x_wconf 88' lang='lat' dir='ltr'>omnes</span> <span class='ocrx_word' id='word_1_233' title='bbox 822 1864 1033 1899; x_wconf 79' lang='lat' dir='ltr'>maritimae</span> <span class='ocrx_word' id='word_1_234' title='bbox 1053 1864 1292 1909; x_wconf 86' lang='lat' dir='ltr'>appellantur</span> <span class='ocrx_word' id='word_1_235' title='bbox 1311 1865 1480 1900; x_wconf 80' lang='lat' dir='ltr'>existimo</span> 
     </span>
     <span class='ocr_line' id='line_1_36' title="bbox 132 1910 1480 1957; baseline 0.001 -14"><span class='ocrx_word' id='word_1_236' title='bbox 132 1910 194 1944; x_wconf 89' lang='lat' dir='ltr'>uel</span> <span class='ocrx_word' id='word_1_237' title='bbox 213 1911 312 1954; x_wconf 86' lang='lat' dir='ltr'>quod</span> <span class='ocrx_word' id='word_1_238' title='bbox 332 1915 358 1944; x_wconf 86' lang='lat' dir='ltr'>F</span> <span class='ocrx_word' id='word_1_239' title='bbox 431 1918 467 1945; x_wconf 82' lang='grc'>13</span> <span class='ocrx_word' id='word_1_240' title='bbox 493 1922 595 1946; x_wconf 85' lang='lat' dir='ltr'>mare</span> <span class='ocrx_word' id='word_1_241' title='bbox 615 1916 673 1945; x_wconf 88' lang='lat' dir='ltr'>PF</span> <span class='ocrx_word' id='word_1_242' title='bbox 697 1915 700 1953; x_wconf 93' lang='grc' dir='ltr'>Ι</span> <span class='ocrx_word' id='word_1_243' title='bbox 724 1912 969 1946; x_wconf 86' lang='lat' dir='ltr'>deduceretur</span> <span class='ocrx_word' id='word_1_244' title='bbox 988 1917 1023 1955; x_wconf 79' lang='grc' dir='ltr'>Ρ,</span> <span class='ocrx_word' id='word_1_245' title='bbox 1047 1912 1251 1946; x_wconf 87' lang='lat' dir='ltr'>deducatur</span> <span class='ocrx_word' id='word_1_246' title='bbox 1271 1913 1422 1957; x_wconf 87' lang='lat' dir='ltr'>(d-citur</span> <span class='ocrx_word' id='word_1_247' title='bbox 1441 1914 1480 1956; x_wconf 86' lang='lat' dir='ltr'>F)</span> 
     </span>
     <span class='ocr_line' id='line_1_37' title="bbox 133 1956 1481 2004; baseline 0.002 -14"><span class='ocrx_word' id='word_1_248' title='bbox 133 1956 304 1992; x_wconf 89' lang='lat' dir='ltr'>litoribus</span> <span class='ocrx_word' id='word_1_249' title='bbox 325 1962 386 1991; x_wconf 85' lang='lat' dir='ltr'>EF</span> <span class='ocrx_word' id='word_1_250' title='bbox 457 1966 492 1992; x_wconf 78' lang='lat'>14</span> <span class='ocrx_word' id='word_1_251' title='bbox 519 1959 703 2004; x_wconf 89' lang='lat' dir='ltr'>appellari</span> <span class='ocrx_word' id='word_1_252' title='bbox 730 1959 947 1993; x_wconf 82' lang='lat' dir='ltr'>existimant</span> <span class='ocrx_word' id='word_1_253' title='bbox 971 1964 1007 2000; x_wconf 82' lang='lat' dir='ltr'>P,</span> <span class='ocrx_word' id='word_1_254' title='bbox 1036 1959 1227 2004; x_wconf 82' lang='lat' dir='ltr'>appellant</span> <span class='ocrx_word' id='word_1_255' title='bbox 1254 1964 1280 1993; x_wconf 88' lang='lat' dir='ltr'>F</span> <span class='ocrx_word' id='word_1_256' title='bbox 1347 1967 1381 1993; x_wconf 84' lang='lat'>15</span> <span class='ocrx_word' id='word_1_257' title='bbox 1409 1960 1481 1993; x_wconf 83' lang='lat' dir='ltr'>Ita—</span> 
     </span>
     <span class='ocr_line' id='line_1_38' title="bbox 134 2003 1480 2051; baseline 0.001 -13"><span class='ocrx_word' id='word_1_258' title='bbox 134 2003 186 2038; x_wconf 84' lang='lat' dir='ltr'>lia</span> <span class='ocrx_word' id='word_1_259' title='bbox 207 2015 272 2039; x_wconf 82' lang='lat' dir='ltr'>om.</span> <span class='ocrx_word' id='word_1_260' title='bbox 288 2009 313 2038; x_wconf 97' lang='lat' dir='ltr'>F</span> <span class='ocrx_word' id='word_1_261' title='bbox 337 2009 340 2048; x_wconf 91' lang='grc' dir='ltr'>Ι</span> <span class='ocrx_word' id='word_1_262' title='bbox 363 2007 576 2051; x_wconf 80' lang='lat' dir='ltr'>porrigatur</span> <span class='ocrx_word' id='word_1_263' title='bbox 595 2011 630 2047; x_wconf 82' lang='lat' dir='ltr'>P,</span> <span class='ocrx_word' id='word_1_264' title='bbox 659 2007 857 2042; x_wconf 83' lang='lat' dir='ltr'>decurrunt</span> <span class='ocrx_word' id='word_1_265' title='bbox 878 2011 915 2049; x_wconf 80' lang='lat' dir='ltr'>F,</span> <span class='ocrx_word' id='word_1_266' title='bbox 941 2008 1037 2041; x_wconf 90' lang='lat' dir='ltr'>rec-t</span> <span class='ocrx_word' id='word_1_267' title='bbox 1055 2011 1082 2040; x_wconf 86' lang='lat' dir='ltr'><strong>E</strong></span> <span class='ocrx_word' id='word_1_268' title='bbox 1106 2010 1109 2050; x_wconf 63' lang='lat' dir='ltr'>J</span> <span class='ocrx_word' id='word_1_269' title='bbox 1134 2018 1176 2040; x_wconf 91' lang='lat' dir='ltr'>ac</span> <span class='ocrx_word' id='word_1_270' title='bbox 1193 2008 1294 2042; x_wconf 82' lang='lat' dir='ltr'>Goes.</span> <span class='ocrx_word' id='word_1_271' title='bbox 1363 2014 1399 2040; x_wconf 81' lang='grc'>16</span> <span class='ocrx_word' id='word_1_272' title='bbox 1422 2017 1480 2040; x_wconf 83' lang='lat' dir='ltr'>ex—</span> 
     </span>
     <span class='ocr_line' id='line_1_39' title="bbox 134 2054 1480 2098; baseline 0.001 -13"><span class='ocrx_word' id='word_1_273' title='bbox 134 2054 231 2086; x_wconf 77' lang='lat' dir='ltr'>teras</span> <span class='ocrx_word' id='word_1_274' title='bbox 259 2054 387 2098; x_wconf 87' lang='lat' dir='ltr'>gentes</span> <span class='ocrx_word' id='word_1_275' title='bbox 414 2065 479 2088; x_wconf 84' lang='lat' dir='ltr'>om.</span> <span class='ocrx_word' id='word_1_276' title='bbox 501 2058 527 2087; x_wconf 88' lang='lat' dir='ltr'>F</span> <span class='ocrx_word' id='word_1_277' title='bbox 557 2057 559 2097; x_wconf 60' lang='grc'><strong>,</strong></span> <span class='ocrx_word' id='word_1_278' title='bbox 589 2054 780 2088; x_wconf 87' lang='lat' dir='ltr'>intueatur</span> <span class='ocrx_word' id='word_1_279' title='bbox 804 2058 839 2096; x_wconf 86' lang='lat' dir='ltr'>P,</span> <span class='ocrx_word' id='word_1_280' title='bbox 866 2054 1087 2089; x_wconf 86' lang='lat' dir='ltr'>intuendum</span> <span class='ocrx_word' id='word_1_281' title='bbox 1114 2056 1169 2088; x_wconf 80' lang='lat' dir='ltr'>est</span> <span class='ocrx_word' id='word_1_282' title='bbox 1195 2059 1220 2087; x_wconf 89' lang='lat' dir='ltr'>F</span> <span class='ocrx_word' id='word_1_283' title='bbox 1311 2061 1346 2088; x_wconf 80' lang='lat'>17</span> <span class='ocrx_word' id='word_1_284' title='bbox 1375 2064 1480 2088; x_wconf 86' lang='lat' dir='ltr'>omne</span> 
     </span>
     <span class='ocr_line' id='line_1_40' title="bbox 134 2100 1479 2147; baseline 0 -13"><span class='ocrx_word' id='word_1_285' title='bbox 134 2120 178 2124; x_wconf 83' lang='lat'><em>-</em></span> <span class='ocrx_word' id='word_1_286' title='bbox 200 2120 242 2124; x_wconf 83' lang='lat'>—</span> <span class='ocrx_word' id='word_1_287' title='bbox 264 2101 320 2134; x_wconf 86' lang='lat' dir='ltr'>est</span> <span class='ocrx_word' id='word_1_288' title='bbox 345 2111 409 2135; x_wconf 85' lang='lat' dir='ltr'>om.</span> <span class='ocrx_word' id='word_1_289' title='bbox 431 2105 457 2134; x_wconf 89' lang='lat' dir='ltr'>F</span> <span class='ocrx_word' id='word_1_290' title='bbox 486 2104 490 2143; x_wconf 80' lang='grc'>1</span> <span class='ocrx_word' id='word_1_291' title='bbox 518 2101 666 2136; x_wconf 82' lang='lat' dir='ltr'>Africae</span> <span class='ocrx_word' id='word_1_292' title='bbox 689 2102 733 2135; x_wconf 91' lang='lat' dir='ltr'>L.</span> <span class='ocrx_word' id='word_1_293' title='bbox 753 2102 981 2147; x_wconf 74' lang='lat' dir='ltr'>Holstenius]</span> <span class='ocrx_word' id='word_1_294' title='bbox 1008 2100 1175 2135; x_wconf 84' lang='lat' dir='ltr'>Africum</span> <span class='ocrx_word' id='word_1_295' title='bbox 1200 2106 1226 2134; x_wconf 92' lang='lat' dir='ltr'>P</span> <span class='ocrx_word' id='word_1_296' title='bbox 1316 2108 1352 2135; x_wconf 82' lang='grc'>18</span> <span class='ocrx_word' id='word_1_297' title='bbox 1378 2101 1479 2145; x_wconf 74' lang='lat' dir='ltr'>pars]</span> 
     </span>
     <span class='ocr_line' id='line_1_41' title="bbox 133 2147 1481 2194; baseline 0.001 -15"><span class='ocrx_word' id='word_1_298' title='bbox 133 2156 220 2180; x_wconf 91' lang='lat' dir='ltr'>uero</span> <span class='ocrx_word' id='word_1_299' title='bbox 253 2147 336 2182; x_wconf 78' lang='lat' dir='ltr'>add.</span> <span class='ocrx_word' id='word_1_300' title='bbox 360 2151 386 2180; x_wconf 88' lang='lat' dir='ltr'>F</span> <span class='ocrx_word' id='word_1_301' title='bbox 420 2150 425 2191; x_wconf 84' lang='grc' dir='ltr'>Ι</span> <span class='ocrx_word' id='word_1_302' title='bbox 459 2148 715 2194; x_wconf 84' lang='lat' dir='ltr'>Macedoniae]</span> <span class='ocrx_word' id='word_1_303' title='bbox 752 2149 805 2183; x_wconf 72' lang='lat' dir='ltr'>‘id</span> <span class='ocrx_word' id='word_1_304' title='bbox 836 2154 887 2184; x_wconf 76' lang='lat' dir='ltr'>cst</span> <span class='ocrx_word' id='word_1_305' title='bbox 916 2148 1072 2183; x_wconf 79' lang='lat' dir='ltr'>Ionium’</span> <span class='ocrx_word' id='word_1_306' title='bbox 1101 2149 1171 2183; x_wconf 79' lang='lat' dir='ltr'>La.</span> <span class='ocrx_word' id='word_1_307' title='bbox 1207 2153 1211 2193; x_wconf 85' lang='grc'>1</span> <span class='ocrx_word' id='word_1_308' title='bbox 1246 2149 1293 2183; x_wconf 89' lang='lat' dir='ltr'>ad</span> <span class='ocrx_word' id='word_1_309' title='bbox 1326 2148 1412 2193; x_wconf 51' lang='lat' dir='ltr'>Len]</span> <span class='ocrx_word' id='word_1_310' title='bbox 1445 2150 1481 2181; x_wconf 90' lang='lat' dir='ltr'>et</span> 
     </span>
    </p>
   </div>
   <div class='ocr_carea' id='block_1_11' title="bbox 122 2194 1478 2241">
    <p class='ocr_par' dir='ltr' id='par_1_15' title="bbox 122 2194 1478 2241">
     <span class='ocr_line' id='line_1_42' title="bbox 122 2194 1478 2241; baseline 0.001 -15"><span class='ocrx_word' id='word_1_311' title='bbox 122 2197 193 2226; x_wconf 71' lang='grc' dir='ltr'>-ΡἙ</span> <span class='ocrx_word' id='word_1_312' title='bbox 289 2201 325 2227; x_wconf 80' lang='grc'>19</span> <span class='ocrx_word' id='word_1_313' title='bbox 351 2194 514 2239; x_wconf 87' lang='lat' dir='ltr'>aliquam</span> <span class='ocrx_word' id='word_1_314' title='bbox 540 2200 577 2237; x_wconf 87' lang='lat' dir='ltr'>P,</span> <span class='ocrx_word' id='word_1_315' title='bbox 606 2195 787 2230; x_wconf 85' lang='lat' dir='ltr'>Galliciae</span> <span class='ocrx_word' id='word_1_316' title='bbox 813 2200 851 2239; x_wconf 89' lang='lat' dir='ltr'>F,</span> <span class='ocrx_word' id='word_1_317' title='bbox 880 2195 1024 2230; x_wconf 84' lang='lat' dir='ltr'>Galliae</span> <span class='ocrx_word' id='word_1_318' title='bbox 1050 2200 1077 2229; x_wconf 86' lang='grc' dir='ltr'>Ε</span> <span class='ocrx_word' id='word_1_319' title='bbox 1108 2198 1113 2241; x_wconf 81' lang='grc' dir='ltr'>Ι</span> <span class='ocrx_word' id='word_1_320' title='bbox 1145 2196 1249 2240; x_wconf 80' lang='lat' dir='ltr'>epyri</span> <span class='ocrx_word' id='word_1_321' title='bbox 1275 2200 1310 2239; x_wconf 82' lang='grc' dir='ltr'>Ρ,</span> <span class='ocrx_word' id='word_1_322' title='bbox 1342 2196 1478 2239; x_wconf 85' lang='lat' dir='ltr'>aephy—</span> 
     </span>
    </p>
   </div>
   <div class='ocr_carea' id='block_1_12' title="bbox 132 2243 1480 2380">
    <p class='ocr_par' dir='ltr' id='par_1_16' title="bbox 132 2243 1480 2380">
     <span class='ocr_line' id='line_1_43' title="bbox 132 2243 1480 2278; baseline 0 -4"><span class='ocrx_word' id='word_1_323' title='bbox 132 2251 192 2274; x_wconf 86' lang='lat' dir='ltr'>ros</span> <span class='ocrx_word' id='word_1_324' title='bbox 218 2244 244 2274; x_wconf 87' lang='lat' dir='ltr'>F</span> <span class='ocrx_word' id='word_1_325' title='bbox 341 2248 464 2276; x_wconf 79' lang='lat'>19—20</span> <span class='ocrx_word' id='word_1_326' title='bbox 495 2243 755 2277; x_wconf 86' lang='lat' dir='ltr'>Hadriaticum</span> <span class='ocrx_word' id='word_1_327' title='bbox 783 2265 826 2268; x_wconf 93' lang='lat'><strong>—</strong></span> <span class='ocrx_word' id='word_1_328' title='bbox 854 2264 896 2268; x_wconf 91' lang='lat'>—</span> <span class='ocrx_word' id='word_1_329' title='bbox 924 2243 1038 2277; x_wconf 87' lang='lat' dir='ltr'>habet</span> <span class='ocrx_word' id='word_1_330' title='bbox 1070 2254 1135 2278; x_wconf 85' lang='lat' dir='ltr'>om.</span> <span class='ocrx_word' id='word_1_331' title='bbox 1157 2247 1183 2276; x_wconf 86' lang='lat' dir='ltr'>F</span> <span class='ocrx_word' id='word_1_332' title='bbox 1286 2249 1407 2276; x_wconf 77' lang='lat'>21—23</span> <span class='ocrx_word' id='word_1_333' title='bbox 1439 2243 1480 2274; x_wconf 91' lang='lat' dir='ltr'>ut</span> 
     </span>
     <span class='ocr_line' id='line_1_44' title="bbox 135 2289 1477 2334; baseline 0.001 -13"><span class='ocrx_word' id='word_1_334' title='bbox 135 2298 245 2332; x_wconf 87' lang='lat' dir='ltr'>supra</span> <span class='ocrx_word' id='word_1_335' title='bbox 267 2309 308 2313; x_wconf 75' lang='lat'>—</span> <span class='ocrx_word' id='word_1_336' title='bbox 331 2310 374 2314; x_wconf 78' lang='lat'>—</span> <span class='ocrx_word' id='word_1_337' title='bbox 395 2293 591 2324; x_wconf 86' lang='lat' dir='ltr'>creuerunt</span> <span class='ocrx_word' id='word_1_338' title='bbox 616 2301 682 2324; x_wconf 82' lang='lat' dir='ltr'>om.</span> <span class='ocrx_word' id='word_1_339' title='bbox 703 2294 730 2323; x_wconf 87' lang='lat' dir='ltr'>F</span> <span class='ocrx_word' id='word_1_340' title='bbox 828 2297 866 2323; x_wconf 76' lang='lat'>23</span> <span class='ocrx_word' id='word_1_341' title='bbox 895 2291 1147 2334; x_wconf 72' lang='lat' dir='ltr'>‘supplenclwn</span> <span class='ocrx_word' id='word_1_342' title='bbox 1176 2292 1216 2323; x_wconf 86' lang='lat' dir='ltr'>ut</span> <span class='ocrx_word' id='word_1_343' title='bbox 1243 2301 1323 2324; x_wconf 87' lang='lat' dir='ltr'>cum</span> <span class='ocrx_word' id='word_1_344' title='bbox 1350 2289 1477 2323; x_wconf 85' lang='lat' dir='ltr'>uellet&#39;</span> 
     </span>
     <span class='ocr_line' id='line_1_45' title="bbox 134 2335 1060 2380; baseline 0.001 -11"><span class='ocrx_word' id='word_1_345' title='bbox 134 2335 202 2369; x_wconf 67' lang='lat' dir='ltr'>Lu.</span> <span class='ocrx_word' id='word_1_346' title='bbox 301 2342 547 2380; x_wconf 74' lang='lat' dir='ltr'>23—p.100,1</span> <span class='ocrx_word' id='word_1_347' title='bbox 575 2338 726 2371; x_wconf 85' lang='lat' dir='ltr'>draccos</span> <span class='ocrx_word' id='word_1_348' title='bbox 753 2337 901 2372; x_wconf 84' lang='lat' dir='ltr'>colonos</span> <span class='ocrx_word' id='word_1_349' title='bbox 929 2337 1009 2371; x_wconf 87' lang='lat' dir='ltr'>dari</span> <span class='ocrx_word' id='word_1_350' title='bbox 1035 2341 1060 2370; x_wconf 90' lang='lat' dir='ltr'>F</span> 
     </span>
    </p>
   </div>
   <div class='ocr_carea' id='block_1_13' title="bbox 1224 2396 1266 2428">
    <p class='ocr_par' dir='ltr' id='par_1_17' title="bbox 1224 2396 1266 2428">
     <span class='ocr_line' id='line_1_46' title="bbox 1224 2396 1266 2412; baseline 0.048 -2"><span class='ocrx_word' id='word_1_351' title='bbox 1224 2400 1239 2410; x_wconf 72' lang='grc' dir='ltr'>ν-</span> <span class='ocrx_word' id='word_1_352' title='bbox 1251 2396 1266 2412; x_wconf 64' lang='lat' dir='ltr'>ss</span> 
     </span>
     <span class='ocr_line' id='line_1_47' title="bbox 1229 2411 1235 2428; baseline 0 0"><span class='ocrx_word' id='word_1_353' title='bbox 1229 2411 1235 2428; x_wconf 70' lang='grc' dir='ltr'>Ι</span> 
     </span>
    </p>
   </div>
  </div>
 </body>
</html>
