1669 2545
90 1669 116 1702 P
131 1674 179 1703 43¹'

209 72 291 113 126
365 71 393 106 P
711 71 861 106 SICVLI
886 71 1053 106 FLACOI
1148 72 1209 106 La.
1226 76 1303 114 161,
1320 75 1491 115 12-162,
1508 75 1550 106 14

204 183 297 221 tum
318 183 383 222 est
403 181 455 222 ad
475 195 606 221 unum
628 181 848 234 perueniat
869 180 1102 234 dominum,
1129 183 1170 221 et
1196 179 1449 233 quam<uis>
1470 180 1550 221 dis-

205 240 363 281 similes
390 240 476 281 sint
503 240 704 291 culturae,
729 242 778 281 ut
803 241 931 281 etiam
957 240 1171 281 finitiones
1195 241 1425 293 appareant
1444 253 1550 293 quae

205 302 325 340 erant
346 299 457 340 inter
477 313 560 353 eos,
586 299 627 339 id
649 302 712 340 est
733 299 888 353 quibus
915 299 1121 355 assignati
1141 301 1262 339 erant
1281 299 1384 354 agri,
1409 300 1548 339 tamen

205 358 458 412 1quoniam],
485 361 533 399 ut
555 373 680 412 saepe
701 358 952 412 inuenimus,
978 359 1050 400 11111
1076 358 1172 400 foco
1200 357 1413 399 territoria
1439 371 1550 402 com-

204 417 476 472 pluri[m]um
503 421 769 472 acceptarum
797 418 1104 459 adtribuantur.
1139 417 1247 458 nihil
1273 430 1373 472 ergo
1399 431 1549 458 nocere

204 477 420 518 debebunt
451 477 680 519 uarietates
713 480 754 518 et
787 477 1154 519 dissimilitudines
1189 475 1467 531 culturarum,
1499 490 1549 517 ex

205 537 377 590 quibus,
409 539 456 577 ut
488 539 634 578 nostra
665 537 748 577 fert
780 536 943 591 opinio,
975 539 1208 579 nascuntur
1233 549 1355 589 saepe
1385 537 1550 577 contro·

206 597 384 637 uersiae:
417 599 459 637 et
491 610 560 637 aes
592 596 834 650 respicitur,
867 595 908 636 id
941 599 1004 637 est
1031 610 1134 649 quas
1169 595 1324 649 quique
1355 598 1549 649 acceptas

205 655 444 709 defendant,
459 655 698 710 quibusque
712 656 906 710 personis
921 654 1132 696 redditum
1151 658 1224 696 aut
1243 657 1548 696 commutatum

204 714 259 756 sit
286 729 362 768 pro
389 729 480 757 suo.

264 773 396 828 Saepe
429 773 557 815 etiam
591 775 715 815 unius
748 774 1020 827 eiusdemque
1052 774 1238 815 nominis
1273 773 1355 814 duo
1389 772 1550 814 domini

204 837 419 888 acceptam
447 833 528 874 sibi
556 833 799 875 defendunt.
833 848 939 887 quae
965 848 1031 874 res
1058 833 1253 887 quamuis
1281 832 1336 873 sit
1363 832 1550 886 confusa,

204 896 345 934 tamen
372 892 522 933 modus
549 894 688 934 minor
707 894 751 934 in
777 893 1043 946 possessione
1067 893 1269 933 maiorem
1296 891 1468 932 modum
1489 906 1551 932 se-

205 953 360 1006 quitur.
399 951 626 1006 aliquando
654 955 795 993 autem
825 954 1098 993 monumenta
1124 966 1281 1006 eorum,
1307 951 1461 1004 quibus
1487 964 1550 991 as-

205 1011 361 1066 signati
399 1014 498 1053 sunt
535 1011 643 1066 agri,
683 1014 756 1052 aut
787 1011 997 1052 uocabula
1032 1011 1231 1052 uillarum
1268 1024 1550 1064 agrorumque
1596 1023 1610 1045 ἰ

205 1071 399 1125 quamuis
427 1071 537 1111 iusta
564 1071 779 1124 uidentur,
808 1074 968 1123 tamen,
994 1073 1041 1111 ut
1068 1084 1197 1124 supra
1223 1072 1265 1110 et
1291 1084 1413 1123 saepe
1440 1083 1550 1110 com-

204 1130 547 1180 memorauimus‚
564 1133 796 1183 potuerunt
813 1129 1039 1184 aliquando
1058 1130 1189 1182 aliqui
1207 1128 1389 1182 aliquem
1408 1143 1550 1169 nume-

203 1205 309 1244 rum,
328 1189 370 1230 id
388 1192 451 1230 est
468 1189 707 1244 aliquantas
724 1189 966 1244 particulas,
983 1188 1194 1230 remisisse
1209 1191 1282 1229 aut
1298 1187 1550 1229 uendidisse.

263 1248 422 1289 Euenit
454 1249 699 1303 aliquando,
732 1251 781 1289 ut
812 1249 856 1289 in
887 1247 1057 1289 Nolano
1090 1247 1395 1302 comperimus,
1427 1247 1551 1301 idem,

205 1322 326 1374 quom
358 1308 513 1350 diuisio
546 1323 631 1350 non
664 1309 716 1350 ab
749 1323 833 1349 uno
866 1310 1025 1363 puncto
1059 1307 1285 1360 concessit,
1318 1307 1388 1348 sed
1415 1321 1466 1348 ecc
1491 1305 1548 1347 di·
1577 1320 1591 1343 2

206 1368 337 1409 uersis
369 1367 598 1420 limitibus,
631 1369 704 1421 qui
731 1367 901 1421 oblique
935 1368 1045 1408 inter
1071 1381 1113 1407 se
1143 1368 1411 1408 concurrunt.
1451 1380 1550 1421 ergo

204 1426 436 1468 uidendum
468 1430 532 1468 est
565 1441 648 1481 qua
680 1426 966 1482 significantia
997 1427 1200 1468 linearum
1233 1425 1350 1480 regio
1386 1424 1549 1466 dinosci

205 1486 358 1540 possit,
390 1489 438 1527 ut
467 1487 660 1541 intellegi
686 1487 823 1540 possit
849 1492 1049 1526 DEXTRA
1075 1488 1148 1527 aut
1175 1491 1397 1526 SINISTRA
1423 1491 1486 1524 DE
1491 1490 1550 1524 CI-

206 1551 388 1586 ]IANVM
407 1552 762 1586 DEXTERIOREM
782 1548 854 1586 aui]
874 1551 1072 1586 DEXTRA
1091 1547 1163 1586 aui]
1183 1550 1405 1585 SINISTRA
1423 1549 1550 1584 DECI-

206 1611 387 1645 MANVM
415 1611 803 1647 SINISTER-IOREM.

267 1663 271 1721 1
300 1664 522 1706 Praeterea
548 1663 705 1705 dicitur
731 1667 774 1705 et
801 1665 884 1705 ‘aes
912 1664 1177 1705 miscelluni’.
1223 1662 1284 1704 ita
1309 1661 1552 1717 eueni[un]t

208 1726 253 1764 ut
285 1724 357 1778 qui
385 1738 408 1764 a
434 1723 533 1764 diuo
560 1722 669 1764 Iulio
704 1723 873 1765 deducti
907 1726 1042 1777 erant,
1078 1722 1339 1776 temporibus
1365 1720 1550 1776 Augusti

206 1783 404 1824 militiam
425 1783 694 1838 repetissent3
716 1783 1065 1837 consumptisque
1079 1781 1202 1823 bellis
1217 1781 1398 1822 uictores
1418 1783 1551 1822 terras

206 1857 301 1884 suas
325 1842 604 1896 repetierunt,
630 1843 675 1883 in
694 1843 835 1882 locum
856 1845 998 1883 tamen
1019 1841 1313 1882 defunctorum
1334 1839 1407 1881 alii
1427 1853 1551 1894 agros

206 1904 469 1956 acceperunt.
515 1916 565 1942 ex
596 1916 678 1955 quo
712 1901 761 1941 fit
793 1904 841 1942 ut
873 1902 938 1942 his
972 1900 1173 1942 centuriis
1206 1899 1478 1941 inueniantur
1510 1901 1552 1939 et

207 1976 352 2003 eorum
378 1961 564 2015 nomina,
591 1960 660 2014 qui
690 1960 857 2002 deducti
885 1963 1021 2014 erant,
1048 1962 1089 2001 et
1115 1973 1280 2013 eorum,
1306 1958 1377 2013 qui
1405 1960 1552 2012 postea

266 2097 284 2123 3
266 2089 364 2135 3[id
391 2090 461 2135 est]
488 2090 557 2124 La
662 2096 680 2121 6
707 2088 970 2123 similitudines
998 2089 1066 2122 La.
1168 2094 1186 2121 S
1215 2088 1353 2121 ‘malim
1378 2086 1550 2131 respicie-

207 2138 280 2171 tm’
305 2137 373 2171 La
471 2144 505 2170 11
531 2136 691 2170 hominis
718 2140 743 2170 P
839 2143 963 2169 lofflso
989 2136 1105 2178 idem,
1133 2146 1242 2179 quom
1268 2135 1400 2179 scripsi
1426 2136 1486 2177 (sc.
1511 2136 1552 2167 ut

209 2195 263 2218 res
291 2184 339 2218 sit
362 2183 525 2219 confusa.
556 2196 585 2219 v.
608 2184 686 2230 12)]
713 2183 885 2227 idemque
911 2187 948 2227 P,
974 2183 1192 2227 idemque..
1211 2212 1215 2216 .
1233 2182 1301 2217 La.
1402 2188 1441 2214 20
1467 2192 1551 2215 con-

208 2232 318 2266 cessit
343 2234 378 2273 P,
405 2231 585 2276 processit
611 2231 679 2266 La.
710 2232 714 2277 Ι
743 2231 802 2277 ex]
830 2233 867 2265 et
892 2234 917 2263 P
1011 2237 1048 2264 22
1074 2230 1270 2275 linearum]
1298 2239 1454 2273 quarum
1479 2232 1505 2262 P

208 2286 245 2312 26
272 2278 409 2313 dicitur
433 2279 578 2324 scripsi]
606 2279 779 2312 dicuntur
805 2282 829 2311 P
857 2282 862 2322 Ι
891 2291 908 2311 z
932 2283 1013 2323 post
1039 2280 1076 2311 et
1101 2289 1183 2312 ssor.
1206 2288 1269 2312 ree.
1291 2280 1316 2310 P
1336 2277 1406 2320 (ὅθ’)
1435 2278 1440 2321 Ι
1469 2286 1551 2310 eue-

208 2326 264 2360 nit
288 2328 418 2370 scripsi

1576 726 1608 750 10

1577 1913 1610 1937 30
