1669 2545
186 48 267 89 136
342 47 484 81 ABEP
624 47 797 82 HYGINI
825 48 1091 84 GROMATICI
1172 49 1233 83 La.
1252 52 1329 91 171,
1343 53 1495 91 4—172,
1510 53 1531 84 4

39 160 250 207 Pssrzssw
301 155 560 205 Quibusdam
591 155 739 196 deinde
766 156 944 198 coloniis
971 157 1155 212 perticae
1185 155 1188 212 Ι
1217 158 1335 210 fines,
1363 157 1444 198 hoc
1470 160 1534 199 est

62 278 94 312 A
106 288 157 313 118

62 752 91 785 B
108 760 158 786 218

65 929 95 963 A
110 938 160 963 119

80 1047 158 1082 Eas

66 1166 93 1200 P
107 1172 158 1200 35v

183 215 344 268 primae
372 214 700 269 adsignationis,
732 216 826 256 aliis
858 217 1087 269 limitibus,
1120 216 1213 257 aliis
1246 216 1533 270 praefecturae

184 274 468 315 eontinentur.
494 275 538 315 in
558 274 890 316 Emeritensium
914 276 1070 316 finibus
1089 275 1092 326 Ι
1110 275 1276 329 aliquae
1298 278 1397 316 sunt
1417 290 1534 329 prae-

181 333 378 386 fecturae,
406 348 583 387 quarum
608 333 815 375 decimani
836 349 966 388 aeque
987 336 1030 376 in
1052 336 1256 375 orientem
1280 334 1533 390 diriguntur,

180 392 378 433 kardines
405 392 448 433 in
476 392 772 434 meridianum:
800 395 871 434 sed
898 394 942 434 in
969 394 1247 448 praefecturis
1268 393 1531 435 Mullicensis

182 454 223 491 et
244 451 536 507 Turgaliensis
556 452 745 506 regionis
766 452 972 494 decimani
1000 454 1158 494 habent
1185 455 1303 493 aetus
1323 452 1415 506 XX,
1441 453 1533 493 kar-

184 510 301 551 dines
335 513 454 552 actus
479 510 565 551 XL.
606 509 694 566 (fig.
718 511 803 566 78.)
839 513 843 566 Ι
878 527 973 553 nam
1008 516 1049 553 et
1081 513 1123 553 in
1158 511 1240 552 alia
1268 511 1535 566 praefectura

184 569 306 611 aliter
332 570 526 611 conuersi
554 573 654 611 sunt
680 570 849 622 limites,
876 574 923 612 ut
949 572 1133 613 habeant
1160 571 1203 612 in
1224 571 1332 612 aeris
1359 571 1534 625 inserip-

182 628 372 670 tionibus
406 629 517 669 inter
546 630 728 670 limitem
761 645 921 671 nouum
955 633 996 671 et
1028 635 1212 671 ueterem
1248 631 1395 685 iugera
1422 630 1534 671 forte

185 687 315 729 CXX:
343 688 447 729 haec
473 690 573 729 sunt
600 688 773 729 alterius
800 690 933 743 partis
960 690 1184 731 subsiciua.
1222 689 1310 745 (fig.
1334 687 1421 744 79.)

244 746 336 788 Hae
357 746 506 788 deinde
527 762 729 803 agrorum
753 747 756 804 Ι
780 748 1008 790 diuisiones
1036 749 1223 804 lapidum
1250 748 1536 802 inscriptioni-

183 806 262 847 bus
298 810 385 847 tam
422 807 551 847 uariis
588 807 860 848 eontinentur
896 822 1022 862 quam
1059 812 1101 849 et
1135 808 1320 849 limitum
1358 807 1534 849 actibus.

184 865 255 907 alii
276 866 468 919 uertices,
489 866 559 907 alii
580 867 727 919 latera,
747 866 995 921 regionibus
1019 868 1105 908 suis
1128 867 1445 908 obsecundant(
1451 870 1535 921 es),

186 925 312 965 multi
339 927 504 965 tantum
533 924 741 966 decimani
770 924 773 979 Ι
804 925 975 966 maximi
1002 928 1043 966 et
1070 926 1259 966 kardinis
1285 926 1447 980 lapides
1474 926 1535 966 in-

184 984 464 1037 scripserunt,
498 983 685 1037 reliquos
713 984 802 1025 sine
828 985 1108 1039 inscriptione
1135 985 1186 1026 ad
1213 999 1357 1039 parem
1383 999 1535 1040 posue-

184 1046 300 1097 runt3
335 1057 441 1096 quos
468 1043 562 1084 ideo
590 1043 703 1097 quod
732 1043 737 1097 Ι
765 1045 883 1084 nulla
916 1044 1229 1098 significatione
1260 1047 1479 1099 appareat,
1512 1059 1536 1085 a

186 1104 317 1156 quoto
331 1101 425 1142 loeo
441 1105 729 1156 numerentur,
743 1105 884 1143 mutos
901 1105 1126 1157 appellant.
1157 1103 1280 1144 diuus
1291 1101 1533 1160 Augustus}

187 1162 231 1201 in
263 1161 631 1216 adsignationibus
665 1162 752 1202 suis
783 1177 960 1203 numero
994 1163 1180 1203 limitum
1215 1162 1445 1216 inscriptos
1478 1162 1536 1203 la-

183 1220 304 1274 pides
337 1220 535 1261 omnibus
572 1222 857 1262 centuriarum
897 1222 1064 1277 angulis
1099 1222 1225 1277 defigi
1261 1222 1401 1263 iussit:
1437 1237 1535 1262 nam

243 1343 326 1370 1—3
354 1336 423 1371 Sic.
443 1337 560 1372 Flacc.
580 1341 657 1379 124,
673 1341 786 1371 9—17
898 1345 929 1371 11
941 1349 1012 1382 sqq.
1040 1339 1084 1381 cf.
1107 1338 1209 1380 infra
1235 1339 1297 1372 La⁴
1316 1342 1394 1379 194,
1411 1342 1534 1382 17sqq.

243 1451 258 1477 1
286 1443 446 1485 Quidam
473 1444 612 1477 colonis
639 1447 676 1483 Β,
705 1444 863 1485 Quidam
891 1444 936 1479 de
963 1444 1145 1479 incolanis
1172 1448 1199 1477 Ε
1291 1451 1309 1477 2
1335 1444 1454 1489 prime
1480 1445 1536 1478 in-

186 1491 458 1535 adsignationis
478 1494 540 1524 AB
615 1498 700 1524 2—3.
726 1492 962 1535 praefectura
983 1492 1194 1526 continetur
1213 1495 1242 1524 A
1309 1499 1327 1525 3
1355 1493 1536 1526 amerten-

185 1538 280 1572 sium
307 1542 333 1571 E
358 1540 361 1582 Ι
385 1539 532 1583 ali{que
557 1541 586 1580 (s
609 1540 764 1582 erasum)
788 1542 828 1580 Α,
855 1539 939 1573 aliis
966 1551 1061 1583 quae
1087 1543 1113 1572 E
1188 1547 1204 1572 4
1232 1550 1348 1582 aeque
1375 1551 1440 1574 om.
1463 1543 1488 1572 B

185 1593 202 1619 5
229 1585 460 1620 multioensis
481 1590 521 1626 A,
548 1585 790 1620 mullieieusis
813 1590 838 1619 P
913 1594 930 1620 θ
957 1586 1211 1632 turgalliensis
1237 1590 1262 1620 P
1285 1588 1289 1629 Ι
1312 1587 1475 1630 regionis
1496 1589 1536 1629 A,

185 1644 296 1667 r-nes
323 1637 361 1676 B,
387 1633 543 1667 r-nibus
570 1637 609 1675 Ε,
635 1645 769 1667 r-num
790 1638 816 1666 P
899 1641 916 1666 6
936 1639 968 1669 et
989 1641 1002 1667 7
1032 1636 1134 1668 actos
1159 1637 1185 1667 B
1270 1641 1284 1666 'a'
1311 1634 1349 1667 in
1377 1646 1442 1669 om.
1464 1638 1489 1667 P

186 1688 203 1714 S
217 1680 356 1714 habeat
371 1681 408 1714 in
424 1681 518 1715 aeris
534 1684 569 1723 P,
588 1681 754 1714 habeant
767 1680 913 1715 itineris
926 1684 1023 1714 ABE
1085 1689 1102 1713 9
1118 1681 1212 1715 forte
1227 1685 1329 1715 om.E
1392 1689 1428 1714 10
1443 1680 1536 1715 CXX

186 1731 294 1770 ABE,
323 1729 565 1773 septuaginta
592 1732 616 1761 P
638 1731 641 1772 Ι
665 1728 764 1772 parti
791 1731 820 1761 A
893 1736 926 1762 11
953 1729 1044 1763 haec
1072 1732 1099 1761 A
1172 1735 1208 1762 12
1235 1740 1347 1772 quam
1376 1730 1411 1773 (a
1437 1741 1480 1762 ea·
1503 1730 1535 1772 e)

185 1779 214 1808 A
243 1778 246 1819 Ι
276 1777 313 1809 et
338 1787 404 1810 om.
425 1779 452 1809 E
544 1782 580 1809 13
607 1775 781 1821 uertices]
809 1777 1071 1820 amphorarum
1098 1776 1180 1810 add.
1207 1780 1232 1808 E
1324 1782 1445 1809 13-14
1473 1776 1537 1810 ob-

186 1823 394 1857 secundant
426 1822 534 1857 multi
566 1824 711 1857 tantum
739 1826 801 1856 AB
817 1824 903 1862 La„
938 1823 1235 1857 obseoundamur
1263 1824 1464 1857 tetrantum
1493 1827 1535 1865 P?

185 1872 325 1905 correoei
428 1878 463 1903 14
497 1870 680 1904 decimani
712 1870 863 1904 maximi
897 1872 934 1903 et
966 1870 1140 1904 kardines
1168 1874 1248 1911 ΑΕ,
1282 1870 1467 1904 decimani
1498 1874 1536 1913 B,

186 1918 344 1951 maxime
371 1918 576 1952 decumano
603 1919 640 1952 et
666 1918 700 1952 k.
721 1922 761 1958 P;
791 1919 827 1951 et
854 1918 937 1951 mlcl.
959 1922 985 1951 E
1060 1924 1180 1951 14—15
1207 1917 1435 1962 seripserunt
1457 1921 1536 1960 ΒΕ;

185 1966 237 1999 sic
261 1977 364 2010 saepe
392 1965 563 2002 seribere.
591 1966 769 2010 scriptus,
798 1965 950 2009 scriptio
973 1977 1041 2009 pro
1068 1966 1174 1999 inser.
1202 1968 1262 1997 BE
1360 1972 1396 1998 15
1423 1965 1536 2009 serip-

186 2012 287 2046 tione
314 2016 395 2053 ΑΕ,
430 2023 533 2047 s-em
559 2016 584 2045 B
620 2014 623 2055 Ι
660 2013 705 2046 ad
739 2024 864 2057 parem
893 2015 964 2055 ΑΡ,
998 2023 1172 2056 apparem
1200 2015 1241 2053 B,
1276 2013 1313 2045 et
1340 2023 1465 2056 parem
1496 2016 1535 2053 E,

188 2059 384 2103 adparenti
416 2061 516 2095 Goes.
610 2067 731 2093 15-16
759 2062 1011 2104 apposuerunt
1037 2063 1062 2092 P
1146 2067 1182 2093 16
1209 2071 1299 2102 quos
1326 2059 1409 2093 ideo
1437 2059 1536 2103 quod

187 2110 266 2147 AB,
300 2107 398 2150 quod
432 2108 516 2141 ideo
549 2107 611 2150 qui
645 2111 681 2149 Ρ,
713 2107 876 2151 reliquos
909 2117 1055 2150 quoque
1085 2107 1169 2141 ideo
1196 2107 1294 2150 quod
1321 2111 1346 2139 E
1383 2110 1386 2149 Ι
1422 2117 1536 2151 appa-

186 2156 270 2187 rent
294 2159 319 2187 P
416 2162 536 2188 16—17
566 2166 587 2188 a
614 2155 744 2200 quoto]
772 2166 793 2188 av
819 2156 898 2188 toto
925 2157 986 2187 AB
1015 2156 1053 2197 (i.
1076 2166 1100 2188 e.
1130 2165 1151 2188 a
1178 2156 1277 2192 coto,
1304 2167 1339 2188 u.
1364 2157 1474 2198 1273,
1493 2157 1537 2189 14

187 2205 220 2235 et
240 2204 315 2245 18),
341 2203 420 2236 loto
441 2207 479 2245 Ε,
507 2204 620 2245 quoto
643 2203 769 2244 PLa.‚·
795 2203 838 2244 cf.
863 2203 939 2236 Mo.
958 2202 1036 2236 Ges.
1059 2202 1155 2236 Schr.
1173 2202 1205 2234 Γ
1217 2205 1298 2243 100,
1315 2205 1333 2235 1
1407 2208 1442 2234 17
1469 2213 1536 2235 nu—

186 2251 376 2283 merantur
401 2253 426 2282 B
456 2256 460 2291 Ι
488 2251 610 2283 mutos
636 2250 677 2294 P]
704 2251 826 2282 mutus
854 2252 898 2291 A,
931 2249 1070 2283 multus
1097 2251 1157 2281 BE
1261 2256 1297 2282 18
1323 2248 1360 2281 in
1388 2260 1453 2282 om.
1474 2252 1500 2282 P
1529 2249 1532 2293 Ι

186 2307 380 2330 numerum
401 2300 476 2339 ΑΕ,
503 2307 673 2330 numeros
694 2299 719 2329 B
743 2297 747 2341 Ι
769 2295 930 2330 militum
951 2299 977 2329 B
1051 2303 1086 2329 19
1114 2306 1238 2330 omnes
1260 2317 1303 2321 —
1325 2295 1482 2340 angulos
1508 2299 1534 2329 Ε

1561 703 1594 729 10

1561 999 1594 1024 15
