1669 2545
81 813 85 820 .

65 813 77 844 Ι,

94 279 152 312 ι’]-ι

104 502 130 524 τι

105 545 153 572 1:2¹·

102 822 132 845 in
137 818 149 829 V

184 49 207 87 8
286 48 310 80 Α
324 47 424 81 Per
683 47 775 80 ivm
804 46 1033 81 FRONTINI
1221 48 1278 81 La.
1297 52 1350 90 19,
1366 53 1492 91 2-21‚
1508 53 1528 83 5

184 159 330 209 postea
364 156 406 196 in
445 155 666 210 municipii
707 155 771 196 ius
803 155 1012 208 relatum}
1044 181 1101 184 —
1133 171 1230 198 nam
1269 172 1354 198 non
1387 158 1529 199 omnia

181 215 357 269 antiqua
383 215 616 269 municipia
641 214 799 255 habent
825 229 946 256 suum
973 215 1255 271 priuilegium.
1304 216 1528 271 [quidquid

182 274 293 315 enim
339 275 391 314 ad
439 274 629 314 coloniae
677 273 952 328 municipiiue
981 275 984 329 Ι
1014 274 1286 331 priuilegium
1333 276 1528 330 pertinet,

182 333 387 375 territorii
414 332 517 374 iuris
545 335 771 387 appellant.
823 334 895 374 sed
927 334 962 374 si
994 335 1202 376 rationem
1229 335 1528 389 appellationis

182 394 306 435 huius
345 395 592 447 tractemus,
631 392 893 433 territorium
934 396 996 434 est
1031 393 1237 447 quidquid
1276 394 1411 435 hostis
1449 397 1527 435 ter-

184 452 299 493 rendi
333 466 460 493 causa
492 451 771 492 constitutum
805 452 898 506 estssl.

238 511 302 552 De
335 511 557 553 subsicivis
590 511 879 552 controuersia
912 514 990 562 est,
1030 512 1226 565 quotiens
1258 513 1401 567 aliqua
1431 528 1528 567 pars

180 571 393 612 centuriae
436 571 524 611 siue
569 572 659 611 tota
699 586 782 611 non
826 573 889 611 est
927 571 1148 626 adsignata
1189 574 1230 613 et
1275 573 1527 626 possidetur.

180 633 252 670 aut
285 629 490 684 quidquid
524 630 574 670 de
607 630 872 671 extremitate
911 629 1092 684 perticae
1132 645 1350 684 possessor
1388 632 1527 686 proxi-

180 704 274 731 mus
301 688 464 731 aliusue
491 689 708 743 detinebit,
742 689 793 730 ad
827 689 1139 731 subsiciuorum
1168 690 1523 745 controuersiam}

181 748 412 802 pertinebit
446 747 534 804 (fig.
566 747 649 804 19).

238 808 300 849 De
327 808 431 849 locis
458 808 641 863 publicis
669 809 758 849 siue
784 808 932 862 populi
952 808 1135 849 Romani
1156 808 1245 851 siue
1266 809 1527 851 coloniarum

180 867 563 922 municipiorumue
584 868 874 909 controuersia
898 870 973 921 est,
1000 868 1196 922 quotiens
1218 883 1265 910 ea
1290 870 1394 923 loca,
1422 885 1528 923 quae

180 942 315 980 neque
346 927 569 982 adsignata
594 941 732 981 neque
764 927 937 967 uendita
968 927 1127 968 fuerint
1152 928 1423 983 <um>quam,
1456 929 1526 970 ali*

99 990 152 1034 (P)
181 987 275 1040 quis
314 986 566 1041 possederit3
607 988 655 1028 ut
692 986 860 1026 alueum
890 984 895 1041 Ι
923 986 1112 1027 fluminis
1152 989 1335 1029 ueterem
1378 989 1528 1042 populi

181 1046 382 1100 Roma-ni,
427 1061 551 1100 quem
595 1046 660 1086 uis
702 1060 835 1099 aquae
874 1045 1126 1099 interposita
1167 1047 1305 1087 insula
1348 1047 1529 1089 exclusae

178 1105 361 1158 proximi
393 1106 651 1159 possessoris
683 1105 839 1145 finibus
871 1104 1108 1160 reliquerit3
1145 1109 1218 1146 aut
1250 1105 1392 1160 siluas,
1424 1121 1528 1160 quas

178 1165 229 1206 ad
262 1165 469 1219 populum
502 1165 741 1206 Romanum
774 1163 921 1205 multis
953 1164 1058 1205 locis
1091 1166 1302 1219 pertinere
1335 1180 1385 1207 ex
1416 1168 1527 1207 uete-

178 1224 296 1265 ribus
348 1224 642 1266 instrumentis
688 1224 1005 1279 cognoscimus,
1056 1227 1103 1264 ut
1147 1239 1197 1265 ex
1243 1224 1439 1279 proximo
1484 1225 1527 1266 in

121 1297 151 1320 τε)
179 1283 347 1325 Sabinis
374 1284 418 1325 in
443 1286 587 1325 monte
613 1283 774 1324 Mutela
799 1281 888 1339 (fig.
910 1281 997 1339 20).
1027 1283 1031 1337 Ι
1059 1283 1170 1325 Nam
1199 1287 1240 1325 et
1265 1284 1527 1326 coloniarum

179 1346 251 1384 aut
289 1342 619 1397 municipiorum
660 1342 812 1383 similis
846 1345 909 1383 est
948 1342 1151 1396 condicio,
1190 1344 1386 1397 quotiens
1423 1344 1529 1397 loca,

238 1479 252 1504 ι
279 1473 324 1515 cf.
347 1472 481 1516 Hygin.
505 1474 560 1514 83,
576 1475 595 1504 5
694 1478 792 1504 4--6
819 1470 955 1505 Comm.
978 1475 1033 1514 66,
1052 1475 1206 1514 16—173
1241 1472 1285 1514 cf.
1315 1471 1384 1506 Sic.
1406 1472 1525 1507 Flacc.

182 1523 258 1561 101,
275 1523 387 1553 9-11
512 1526 631 1552 12—15
658 1518 712 1552 De
738 1518 828 1552 locis
857 1540 898 1543 —
922 1540 963 1543 --—
992 1518 1131 1553 fuerint
1158 1518 1295 1553 Comm.
1318 1523 1372 1563 66,
1389 1523 1525 1554 29—31

180 1569 222 1610 (v.
242 1570 284 1600 13
312 1578 354 1601 ea
381 1566 476 1611 loca)

237 1669 251 1695 1
279 1674 351 1696 non
377 1666 403 1695 P
425 1663 501 1697 Mo.
524 1663 544 1695 l.
566 1662 587 1695 l.
611 1664 689 1696 117.
727 1662 771 1704 cf.
795 1662 935 1707 Hyyin.
957 1664 1017 1702 83,
1038 1665 1079 1703 5;
1107 1662 1174 1695 La.
1201 1662 1296 1704 falso
1322 1662 1421 1696 delet.
1449 1673 1525 1697 cum

181 1710 381 1745 Fommcnto
400 1713 458 1752 65,
469 1713 519 1744 20
615 1716 632 1742 ‘2
659 1709 843 1753 quidquid
868 1712 904 1751 Ρ,
931 1708 1081 1752 ᾳυοᾱᾶῖι.
1107 1712 1135 1741 A
1233 1716 1316 1742 2——4
1344 1708 1527 1753 quidquid

181 1779 221 1781 -—
242 1779 283 1782 —
306 1756 501 1802 appellant
519 1759 597 1792 secl.
613 1757 782 1792 Schulten
855 1763 940 1789 4—6
967 1755 1031 1790 sed
1057 1756 1088 1790 si
1107 1756 1290 1791 rationem
1313 1777 1348 1781 —-
1376 1776 1418 1782 —
1441 1768 1526 1791 con-

179 1805 352 1839 stitutum
379 1806 434 1839 est
459 1806 537 1840 secl.
560 1805 628 1839 La.
729 1811 830 1837 9—11
858 1804 923 1837 aut
948 1825 991 1828 —
1020 1824 1063 1828 „-
1090 1803 1293 1848 pertinebit
1317 1804 1412 1846 falso
1439 1804 1527 1839 delet

179 1853 248 1887 La.
257 1866 270 1896 ;
307 1854 351 1895 cf.
385 1856 424 1895 3,
444 1856 549 1887 3—5
586 1853 753 1895 (fortasse
787 1862 856 1895 pro
889 1851 954 1885 aut
990 1851 1097 1885 ctiam
1128 1852 1185 1886 hic
1221 1852 1447 1886 scribendum
1479 1856 1529 1886 est

179 1910 265 1933 narn
292 1902 338 1942 et,
368 1901 412 1942 cf.
441 1902 473 1941 3,
489 1903 520 1934 3.
550 1902 674 1943 Qec).
724 1903 750 1932 F
776 1910 842 1933 om.
870 1899 929 1943 fig.
948 1902 989 1932 19
1016 1899 1076 1933 secl
1101 1899 1259 1943 spatium.
1285 1899 1458 1942 relinquit

179 1954 214 1979 13
242 1946 323 1981 loca
348 1951 385 1990 F,
416 1948 545 1982 Comm.
569 1950 628 1989 66,
649 1950 716 1989 30,-
742 1958 807 1981 om.
829 1949 890 1979 ΑΡ
971 1953 1007 1979 14
1034 1957 1210 1990 umquam
1236 1947 1319 1991 La]
1350 1957 1461 1989 quam
1487 1949 1526 1988 A,

180 2006 270 2039 quas
297 1998 334 2037 F,
361 2005 456 2038 quae
482 1998 507 2027 P
599 2001 634 2027 15
662 1994 868 2038 possidebit
893 1997 919 2026 F
942 1995 946 2037 Ι
969 1994 1111 2028 Desunt
1137 1997 1182 2028 13
1206 1994 1299 2037 folia
1325 1994 1364 2027 in
1390 1997 1415 2026 P
1438 1994 1442 2038 l
1464 2004 1527 2027 ue-

180 2044 256 2076 tere
284 2042 321 2075 in
348 2045 387 2083 A,
414 2043 539 2076 uetere
567 2046 593 2075 G
675 2049 711 2074 16
738 2052 847 2085 quem
872 2040 929 2074 uis
957 2051 1076 2083 aquae
1101 2045 1140 2083 F,
1166 2052 1277 2085 quam
1297 2040 1350 2074 vis
1371 2051 1468 2084 aqua
1489 2044 1527 2084 G,

180 2101 291 2133 quam
319 2089 394 2123 uim
421 2100 478 2132 aq.
507 2092 535 2122 A
569 2090 574 2134 l
610 2089 781 2123 exclusae
812 2089 959 2133 scripsi]
992 2090 1029 2122 et
1055 2087 1167 2122 diuisi
1194 2091 1235 2130 0,
1267 2087 1359 2122 elisa
1385 2089 1454 2122 La.

180 2144 213 2169 17
241 2137 464 2182 possessoris
485 2140 523 2177 F,
548 2147 631 2181 p-es
652 2139 715 2169 AG
739 2138 742 2181 Ι
765 2135 985 2180 reliquerint
1005 2139 1031 2168 G
1055 2137 1058 2178 Ι
1082 2138 1148 2170 aut
1167 2138 1242 2179 AG,
1269 2137 1310 2169 ut
1333 2139 1359 2168 F
1382 2138 1386 2178 Ι
1409 2135 1526 2169 siluae

180 2218 272 2251 quas
293 2210 368 2250 AG,
396 2207 510 2242 siluas
532 2218 669 2252 aequas
690 2211 716 2240 F
736 2210 866 2251 (ortum
886 2218 929 2242 eac
950 2193 1066 2250 silugg
1087 2208 1191 2250 quas)
1258 2213 1293 2240 18
1317 2206 1345 2240 P
1360 2198 1431 2240 W
1450 2209 1480 2239 A

179 2254 377 2337 {onigssellit
399 2259 424 2288 G
445 2260 477 2289 et
496 2256 535 2288 in
555 2256 613 2300 ffly.
629 2258 678 2289 20
698 2258 737 2295 A,
758 2254 891 2288 mutila
913 2256 948 2288 in
970 2258 1069 2289 teaetu
1090 2257 1128 2296 A,
1149 2253 1293 2287 mutelli
1314 2257 1340 2286 F
1407 2260 1441 2286 21
1463 2254 1527 2287 aut

1556 708 1588 733 10

1555 1005 1586 1030 15

1555 1301 1589 1326 20
