1669 2545
225 90 283 130 44
357 90 385 123 Β
713 92 901 126 AGENNI
921 92 1080 128 VRBICI
1205 94 1266 128 La.
1280 98 1335 137 83,
1349 98 1391 128 22
1404 112 1447 123 =
1461 100 1516 139 51,
1531 101 1573 130 15

225 199 556 252 postulationem
590 200 699 241 aeris
729 200 1059 255 formarumque.
1105 216 1189 255 quo
1222 203 1383 256 pertica
1412 204 1574 257 cecidit,

226 260 399 298 eatenus
425 261 622 312 acceptae
649 259 936 314 designantur.

284 316 531 358 Videbimus
557 333 610 358 an
637 318 748 359 inter
773 333 988 360 mensores
1015 322 1058 361 et
1088 320 1193 361 iuris
1220 320 1380 374 peritos
1408 336 1499 363 esse
1527 322 1576 363 de

223 375 307 417 -hoe
341 377 531 429 quaestio
566 377 733 430 debeat,
766 378 975 432 eursu[m]
1009 393 1063 419 an
1094 380 1252 433 pertica
1281 380 1577 434 metiam<ur>‚

226 435 260 475 si
295 450 378 488 qua
410 450 544 489 usque
576 437 719 490 potuit
750 437 964 478 ueteranis
991 440 1054 478 est
1079 438 1364 493 adsignatum.
1410 440 1498 481 seio
1531 440 1575 482 in

225 493 463 548 Lusitania,
489 495 645 536 finibus
672 495 1022 551 Emeritensium,
1052 511 1138 538 non
1164 498 1365 553 exiguum
1390 513 1467 552 per
1492 513 1575 540 me-

227 553 338 594 diam
374 553 564 595 coloniae
599 554 805 608 perticam
843 557 902 597 ire
937 556 1092 597 flumen
1123 555 1281 610 Anam,
1316 557 1426 598 eirea
1463 558 1576 611 quod

121 615 150 648 B
167 626 199 650 ρο
227 612 318 666 agri
346 616 445 653 sunt
471 613 684 669 adsignati
711 629 794 668 qua
814 629 946 669 usque
976 615 980 668 Ι
1008 618 1111 657 tuno
1138 617 1276 657 solum
1303 616 1408 657 utile
1434 617 1574 658 uisum

225 674 297 712 est.
326 674 503 726 propter
519 673 860 728 magnitudinem
878 675 990 716 enim
1006 690 1207 729 agrorum
1222 678 1446 717 ueteranos
1464 676 1576 718 eirca

225 733 463 772 extremum
494 732 582 773 fere
613 733 741 773 finem
768 734 888 774 uelut
920 736 1124 775 terminos
1152 735 1381 788 disposuit,
1412 736 1574 788 paucis·

225 790 355 830 simos
377 790 488 832 cirea
509 792 719 833 coloniam
745 795 786 833 et
812 793 923 833 circa
948 793 1103 834 flumen
1123 793 1335 847 A<nam>:
1361 794 1574 848 reliquum

224 849 285 889 ita
304 853 576 903 remanserat,
601 854 649 892 ut
675 854 823 905 postea
843 853 1088 905 repleretur.
1125 852 1261 893 nihilo
1283 853 1425 894 minus
1447 857 1488 894 et
1515 868 1575 894 se-

226 909 362 949 cunda
395 912 437 949 et
468 910 594 950 tertia
624 913 772 963 postea
803 911 916 951 facta
949 914 1011 952 est
1039 911 1298 967 adsignatio:
1329 927 1406 953 nec
1432 915 1574 953 tamen

226 981 424 1022 agrorum
451 969 602 1009 modus
624 969 834 1010 diuisione
857 971 970 1011 uinci
997 971 1151 1025 potuit,
1179 971 1252 1012 sed
1277 972 1487 1025 superfuit
1515 973 1576 1013 in-

226 1026 485 1082 adsignatus.
532 1028 575 1068 in
601 1028 668 1069 his
702 1028 815 1084 agris
847 1043 941 1070 cum
971 1029 1187 1071 subsiciua
1212 1031 1538 1084 requirerentur,
1567 1030 1573 1085 ί

121 1088 150 1121 G
166 1098 199 1123 29
225 1085 548 1139 inpetrauerunt
572 1102 842 1142 possessores
863 1103 886 1128 a
909 1090 1100 1142 praeside
1126 1089 1373 1142 prouinciae
1400 1089 1501 1143 eius,
1526 1093 1576 1131 ut

82 1147 167 1182 B21.
190 1147 248 1193 (G)
276 1146 462 1199 aliquam
483 1145 765 1202 latituldinem
786 1147 961 1201 An<ae>
986 1148 1153 1189 flumini
1181 1148 1308 1189 daret.
1339 1147 1343 1204 Ι
1372 1150 1573 1203 quoniam

227 1204 443 1246 subsiciua
465 1220 570 1259 quae
592 1206 686 1260 quis
708 1210 990 1260 occupauerat
1009 1207 1213 1248 redimere
1235 1208 1477 1263 cogebatur,
1497 1208 1575 1248 ini-

228 1278 359 1316 quum
370 1263 605 1305 iudicatum
617 1268 693 1319 est,
704 1268 752 1306 ut
765 1266 989 1319 quisquam
1002 1281 1169 1307 amnem
1184 1267 1403 1321 publicum
1419 1270 1576 1308 emeret

225 1325 300 1363 aut
333 1324 495 1364 sterilia
527 1339 635 1378 quae
666 1325 870 1365 alluebat:
904 1326 1054 1366 modus
1087 1327 1232 1380 itaque
1263 1326 1485 1380 fiumi<ni>
1511 1329 1576 1368 est

227 1383 498 1423 constitutus.
519 1382 600 1424 hoe
615 1384 797 1437 exempli
812 1399 937 1425 eausa
951 1384 1285 1440 re[i]gerendu1n
1303 1385 1571 1440 existimaui}

122 1442 199 1478 (329
225 1456 321 1482 nam
356 1445 397 1482 et
430 1442 474 1482 in
498 1441 622 1483 Italia
649 1442 825 1483 Pisauro
852 1444 1019 1485 flumini
1051 1444 1233 1485 latitudo
1261 1447 1324 1485 est
1354 1444 1574 1500 adsignata

140 1502 198 1547 (G)
226 1503 411 1553 eatenus,
439 1516 521 1554 qua-
546 1517 680 1555 usque
706 1502 943 1543 adlauabat.
973 1502 977 1556 Ι
1007 1502 1095 1559 (fig.
1117 1503 1205 1559 38.)

286 1559 356 1599 De
392 1560 499 1601 iure
535 1561 791 1602 territorii
828 1563 1119 1604 controuersia.
1154 1571 1209 1603 est
1245 1571 1362 1603 status
1394 1569 1572 1605 iniectiui.

225 1616 378 1651 inicitur
404 1618 502 1651 enim
529 1618 607 1653 solo
628 1619 813 1662 quaedam
839 1620 1091 1654 controuersia
1119 1631 1137 1654 e
1163 1631 1337 1664 persona:
1366 1624 1441 1655 tum
1468 1631 1574 1664 prae-

122 1661 150 1695 B
166 1671 198 1696 22
225 1664 331 1708 cipue
353 1665 500 1711 qui<d>
517 1665 607 1709 quid
627 1668 683 1700 est
702 1666 795 1700 illud
818 1666 862 1700 de
884 1677 955 1711 quo
977 1668 1111 1712 agitur,
1139 1670 1204 1701 aut
1224 1667 1325 1701 locus
1346 1669 1411 1701 aut
1431 1667 1572 1709 modus,

284 1789 404 1815 16-11
427 1783 723 1827 impetrauerunt
736 1805 777 1809 —
792 1785 896 1818 daret
917 1784 1053 1819 Comm.
1070 1788 1273 1827 64,28-29
1342 1792 1467 1818 22-23
1487 1797 1573 1819 nam

225 1830 262 1863 et
288 1850 331 1854 —
359 1829 526 1864 alluebat
557 1829 692 1865 Comm.
716 1835 778 1875 64,
800 1835 968 1875 29—303
1000 1835 1045 1876 cf.
1072 1832 1209 1877 Hygin.
1231 1835 1275 1866 88
1396 1839 1434 1865 24
1461 1832 1574 1867 Fron-

224 1876 290 1910 tin.
314 1881 343 1910 7.
377 1877 512 1922 Hygin.
536 1882 578 1911 97

284 1990 298 2016 1
326 1984 420 2017 aeris
448 1985 535 2030 La]
562 1985 640 2018 eius
667 1988 692 2017 B
787 1992 805 2018 3
831 1986 1035 2020 uiderimus
1061 1989 1086 2019 B
1179 1993 1196 2019 4
1224 1997 1331 2020 cursu
1358 1996 1404 2019 an
1430 1986 1572 2030 pertica

225 2030 424 2064 metiamur
442 2033 587 2077 scripsi]
615 2043 762 2066 cursum
783 2043 829 2066 an
850 2034 1035 2077 praetium
1057 2034 1171 2067 etiam
1192 2036 1228 2075 B,
1257 2044 1402 2067 cursum
1423 2044 1470 2067 an
1490 2045 1572 2078 per-

225 2077 336 2111 ticam
366 2089 563 2121 sequamur
589 2080 754 2122 Rudorff
775 2080 845 2114 La.
949 2088 967 2113 6
994 2081 1164 2125 exiguam
1190 2083 1216 2113 B
1315 2087 1329 2113 7
1357 2080 1410 2114 ire
1436 2081 1573 2115 flumen

227 2125 344 2158 Anam
366 2125 448 2170 La]
476 2137 564 2170 prae
584 2127 824 2161 fluminanam
846 2130 871 2160 B
893 2130 993 2171 (prae
1014 2128 1104 2161 fluia
1125 2139 1235 2161 anam
1254 2129 1296 2171 V)
1376 2135 1409 2161 11
1436 2128 1572 2162 flumen

225 2172 345 2206 Anam
372 2173 458 2218 La]
485 2174 638 2207 flumina
664 2177 689 2207 B
780 2182 814 2207 17
843 2185 912 2221 ane
938 2176 1029 2210 coni.
1051 2179 1090 2217 V,
1121 2187 1187 2210 om.
1209 2178 1236 2208 G
1327 2181 1361 2208 21
1387 2175 1572 2220 reigeren-

226 2219 313 2253 dum
335 2222 371 2261 B,
397 2231 479 2255 sscr.
502 2221 567 2254 alii
593 2221 826 2255 referendum
850 2222 894 2255 Β1
967 2229 1004 2255 22
1030 2222 1225 2256 Pisaurum
1253 2225 1280 2255 G
1352 2228 1390 2256 23
1417 2225 1571 2257 eatenus

226 2280 262 2322 (a
281 2290 324 2313 επ
344 2279 368 2321 i)
395 2282 420 2312 B
445 2285 455 2332 '⁷
473 2291 543 2323 quo
570 2292 688 2324 usque
715 2280 882 2315 alluebat
909 2285 935 2314 G
1014 2288 1050 2314 24
1079 2280 1139 2314 DE
1168 2274 1252 2315 iffi.
1275 2280 1388 2314 IVRE
1409 2280 1571 2315 TERRI-

226 2337 356 2371 TORII
378 2338 473 2373 MN.
499 2342 524 2371 Β
622 2347 659 2373 25
685 2340 780 2386 tum]
809 2351 889 2375 cum
917 2343 942 2373 B

1601 754 1636 779 10

1601 1049 1634 1074 15

1600 1344 1635 1370 2⁰

1600 1630 1633 1656 25
