1669 2545
44 729 75 752 10

40 1320 72 1343 ΞΟ

103 71 164 105 La.
183 74 247 104 149
418 69 481 103 DE
508 68 878 104 CONDICIONIBVS
904 67 1143 103 AGRORVM
1262 69 1289 101 P
1367 69 1448 109 113

104 179 440 221 substructiones
461 182 503 220 et
522 178 737 230 maceriae,
756 177 956 231 quoniam
973 177 1148 234 quidam
1168 177 1449 232 congestioni-

104 240 181 280 bus
196 238 397 293 lapidum,
416 238 531 292 ripis,
552 235 941 278 substructionibus
958 239 1102 289 terras,
1123 251 1174 277 ne
1196 236 1449 290 dilabantur,

104 298 333 352 excipiunt.
366 299 426 339 ita
451 297 485 338 si
512 296 565 337 ad
589 295 767 337 tutelam
789 298 996 336 terrarum
1018 298 1280 348 extruantur,
1306 295 1448 336 uiden-

104 358 203 398 dum
235 373 289 399 an
324 360 365 398 et
399 356 615 397 finitiones
650 357 866 409 praestare
898 354 1087 396 debeant.
1145 369 1241 395 nam
1276 355 1447 409 quidam

102 420 363 459 transuersas
395 418 436 457 et
469 415 661 468 obliquas
694 414 897 455 macerias
922 414 1027 469 ripis
1058 414 1448 456 substructionibus

102 477 233 518 factas
254 475 404 516 uolunt
422 474 557 516 uideri
578 473 738 514 finales.
776 474 888 527 quod
909 488 960 514 ex
980 474 1072 527 ipsa
1092 474 1199 514 facie
1220 473 1447 527 aliquando

103 536 376 590 intellegitur,
403 534 438 575 si
467 533 616 588 [enim]
643 534 836 587 proprias
864 533 959 586 quis
986 533 1115 574 faciat
1141 533 1185 574 in
1210 534 1334 574 terris
1361 533 1447 574 suis

103 595 153 636 ad
180 594 447 637 sustinendos
475 593 789 646 seruandosque
816 607 939 648 agros
968 607 1084 646 suos,
1113 607 1199 633 non
1225 607 1350 646 posse
1377 607 1448 633 eos

103 669 191 696 esse
214 653 378 708 finales3
406 668 503 694 nam
532 652 751 707 quaedam,
779 666 884 705 quae
911 653 1015 692 fines
1043 655 1272 705 praestant,
1298 652 1446 692 maiori

102 727 226 767 opere
241 715 455 754 extructae
469 712 747 753 inueniuntur
761 726 887 765 quam
907 726 991 765 eae,
1009 726 1115 764 quae
1132 712 1323 765 priuatae
1339 715 1448 752 sunt.

99 772 234 814 nihilo
260 773 398 813 minus
425 777 466 812 et
496 773 540 813 in
565 771 646 812 hoc
672 785 824 826 genere
849 771 1094 811 finitionum
1122 771 1448 811 consuetudines

100 832 322 887 regionum
355 831 582 872 intuendae
613 833 746 872 erunt.
792 830 864 870 sed
892 832 932 870 et
960 844 1009 870 ex
1035 830 1224 883 ipsorum
1254 830 1445 872 locorum

98 891 361 945 (qualitate)
369 891 597 944 aliquando
610 890 771 943 aliquid
783 889 927 944 colligi
938 892 1091 943 potest.
1114 890 1148 930 si
1160 890 1272 930 enim
1283 904 1369 931 non
1381 905 1448 930 ex-

98 953 243 1005 petent
264 953 413 1004 teri-ae,
439 965 617 1005 quarum
639 949 981 990 sustinendarum
1002 963 1127 990 causa
1148 949 1344 990 uideatur
1363 964 1448 990 ma-

56 1024 72 1047 s,
99 1011 209 1051 ceria
229 1025 318 1052 esse
338 1011 460 1063 facta,
486 1010 644 1063 poterit
670 1009 809 1049 finalis
830 1008 977 1049 uideri.
1018 1009 1089 1049 sed
1114 1008 1159 1048 in
1185 1009 1322 1062 planis
1343 1009 1448 1049 locis

99 1070 135 1110 si
161 1084 366 1111 saxuosus
394 1070 448 1110 sit
474 1084 591 1124 ager,
620 1070 888 1122 repurgatur,
916 1070 957 1108 et
983 1082 1033 1108 ex
1061 1068 1336 1122 congestione
1363 1083 1447 1108 ma-

99 1129 232 1170 ceriae
258 1129 375 1169 fiunt.
418 1129 476 1169 ita
496 1131 537 1169 et
558 1143 609 1168 ex
628 1128 762 1182 ipsius
783 1127 865 1168 loci
887 1127 1091 1180 qualitate
1119 1127 1281 1181 aliquid
1302 1128 1444 1182 colligi

99 1190 250 1242 potest.
285 1188 320 1229 si
346 1188 457 1228 enim
484 1202 569 1229 non
597 1187 652 1228 sit
679 1202 778 1241 ager
799 1200 1016 1239 saxuosus,
1043 1187 1162 1228 cuius
1189 1188 1445 1242 repurgandi

100 1261 223 1288 causa
238 1248 456 1302 congestio
472 1247 515 1288 in
529 1246 710 1301 speciem
727 1246 930 1286 maceriae
945 1246 1056 1286 facta
1071 1247 1447 1301 uideatur,poterit

98 1306 233 1347 uideri
257 1306 410 1347 finalis.
444 1321 557 1361 ergo,
583 1309 630 1347 ut
651 1320 774 1359 saepe
797 1303 801 1361 Ι
826 1305 1023 1359 diximus,
1050 1306 1256 1359 quaedam
1278 1321 1327 1346 ex
1349 1320 1443 1346 con*

99 1365 321 1406 suetudine
359 1366 601 1420 regionum,
647 1364 850 1419 quaedam
894 1379 943 1405 ex
984 1367 1138 1406 natura
1178 1365 1260 1406 loci
1300 1366 1445 1419 colligi

97 1428 288 1478 possunt.

155 1489 266 1531 Nam
293 1493 335 1531 et
361 1490 410 1530 de
436 1490 561 1530 fossis
588 1490 698 1531 idem
728 1490 943 1532 sentimus
983 1491 1018 1530 si
1045 1491 1155 1531 enim
1184 1506 1269 1532 non
1297 1492 1352 1532 sit
1378 1506 1444 1532 ne>

98 1550 269 1590 cessitas
302 1550 392 1604 agri
424 1549 608 1590 siccandi
640 1564 717 1591 nec
744 1549 785 1590 in
813 1549 965 1590 uicinis
995 1549 1133 1591 fossae
1160 1550 1446 1603 inueniantur,

0 1623 1 1657 4
39 1621 71 1645 *25
96 1612 276 1663 possunt
314 1609 448 1649 uideri
486 1608 651 1661 finales,
692 1623 778 1649 non
817 1609 1199 1651 interuenientibus
1240 1610 1445 1664 querellis,

39 1916 72 1939 :30

98 1668 251 1722 quibus
281 1668 542 1723 ambigatur,
574 1668 804 1709 secundum
838 1669 1059 1722 regionum
1095 1669 1442 1711 consuetudinem

97 1741 187 1768 esse
212 1727 371 1769 finales
405 1728 475 1768 sed
503 1728 536 1768 si
564 1728 608 1768 in
633 1728 806 1783 regione
832 1742 919 1768 non
946 1728 1002 1768 sit
1028 1729 1288 1769 consuetudo
1316 1729 1444 1770 fossis

96 1787 223 1828 finem
251 1787 487 1841 obseruari,
517 1802 565 1828 ea
591 1801 704 1842 ergo,
731 1802 838 1840 quae
866 1787 987 1840 quasi
1014 1802 1174 1828 nouum
1203 1788 1441 1842 exemplum

97 1846 243 1887 afferre
268 1846 539 1899 uidebuntur,
566 1846 817 1887 intuendum
838 1849 979 1887 utrum
1009 1862 1058 1887 ex
1085 1848 1335 1889 necessitate
1363 1847 1441 1888 lovi

98 1918 220 1958 agros
248 1906 404 1947 siccent
430 1920 483 1947 an
509 1906 637 1946 finem
664 1909 890 1960 praestent.

155 1974 361 2018 Maceriae
380 1991 560 2031 quoque,
581 1980 623 2018 et
640 1992 746 2031 quae
764 1992 813 2017 ex
835 1978 1109 2032 congestione
1128 1978 1316 2031 lapidum
1336 1980 1444 2019 fiunt

98 2037 139 2075 et
172 2050 277 2088 quae
314 2051 441 2077 manu
481 2036 768 2089 instruuntur,
808 2051 893 2077 non
933 2051 1099 2090 semper
1131 2041 1203 2077 aut
1235 2040 1442 2078 terrarum

157 2189 169 2214 1
197 2181 347 2224 quidem
372 2187 397 2215 P
493 2191 529 2217 10
556 2195 620 2218 eae
645 2187 670 2216 1²
697 2183 780 2227 (hae
805 2183 862 2227 (31¹)
949 2190 984 2215 13
1011 2183 1194 2226 qualitate
1221 2184 1371 2225 ad‹lidi;
1398 2184 1442 2226 cf.

99 2240 126 2261 v.
150 2229 209 2274 17]
244 2230 379 2263 natura
414 2231 496 2264 add.
528 2232 681 2265 Tuo-neb.
711 2232 779 2265 La.
926 2237 1057 2263 13—14
1091 2231 1281 2275 expetent]
1317 2232 1444 2265 extent

99 2276 200 2310 Goes,
303 2283 340 2309 ⁶25
367 2277 541 2320 querellis
567 2279 751 2323 Schulten]
779 2289 872 2321 quae
900 2280 1007 2311 erunt
1033 2278 1103 2311 uiis
1131 2282 1166 2318 P,
1197 2278 1442 2321 qualitatibus

96 2324 166 2357 La.
264 2330 302 2357 :26
328 2324 565 2369 ambigantur
586 2327 653 2360 La.
753 2333 878 2358 :ts—229
907 2326 1026 2358 malim
1056 2336 1120 2359 eae
1148 2336 1234 2369 ergo
1257 2346 1297 2349 ——
1321 2324 1442 2359 afferri

167 2390 280 2420 Corpus
302 2390 459 2420 agrimens.
480 2391 604 2416 Roman.
626 2392 647 2415 I,
1185 2390 1204 2415 δ’

1472 1312 1498 1344 l'

1513 1323 1526 1344 :5
1531 1317 1560 1345 fis
