1669 2545
195 102 276 144 146
353 102 493 136 ABEP
631 102 802 136 HYGINI
829 101 1094 136 GROMATICI
1165 102 1539 146 La.181‚17—183‚1

190 211 299 252 ratio
320 225 552 264 mensurae,
578 210 765 252 limitum
786 211 895 251 ratio
916 225 1000 252 non
1023 212 1201 264 constat,
1225 213 1266 251 et
1291 212 1435 264 potest
1461 210 1543 251 dici

191 285 390 311 mensura
409 269 520 311 orbis
542 270 716 311 alterius
737 273 810 310 aut
835 273 945 310 certe
967 270 1150 323 sinistra,
1175 269 1256 310 hoc
1278 272 1341 310 est
1364 270 1542 311 inuersa.

192 344 285 370 cum
308 329 401 383 ipsa
426 329 653 370 kardinuln
674 330 904 383 appellatio
932 344 955 369 a
981 329 1156 370 kardine
1183 328 1331 369 mundi
1356 328 1544 369 nomine-

190 391 273 442 tur,
300 403 428 442 quare
455 388 506 428 ab
535 388 696 430 oriente
724 389 767 429 in
794 389 1054 429 occidentem
1083 388 1310 442 dirigatur,
1336 389 1454 428 nulla
1480 389 1544 428 est

191 448 311 488 ratiO.
346 447 448 502 quid
474 448 605 502 ergo?
638 447 737 488 licet
764 447 924 489 exitum
952 448 1195 488 decimanus
1221 447 1431 487 maximus
1458 461 1543 487 non

191 507 347 548 habeat
375 507 584 560 oppositis
617 507 836 548 montibus
868 510 941 548 aut
970 507 1094 561 mari,
1126 506 1283 547 habeat
1313 509 1454 546 tamen
1480 520 1543 547 ra-

191 565 364 618 tionem,
391 568 433 606 et
459 566 509 606 ab
532 580 580 607 eo
603 566 647 606 in
673 580 761 607 eam
791 569 955 619 partem
980 581 1062 619 qua
1083 565 1282 607 defecerit
1308 579 1438 619 aeque
1466 579 1541 605 suo

47 629 141 664 A126
161 629 260 663 P91r
286 625 513 666 interuallo
542 626 755 666 centuriae
781 625 1065 666 nominentur.
1096 624 1100 679 i
1130 624 1219 681 (fig.
1241 622 1329 679 97.)

72 688 100 721 Β
116 698 165 723 237

253 684 499 733 Quaerenda
531 687 594 725 est
626 699 726 738 ergo
757 683 760 739 1
790 684 915 725 huius
947 684 1125 726 rationis
1156 685 1288 738 origo.
1326 682 1452 724 multi
1484 683 1543 723 ita

190 746 238 784 ut
265 758 391 797 supra
419 743 602 784 diximus
636 743 736 784 solis
764 746 904 784 ortum
933 747 974 784 et
1007 758 1202 785 occasum
1231 742 1542 796 conprehende-

190 806 301 857 runt,
328 803 401 856 qui
421 805 485 842 est
506 803 622 843 omni
648 805 839 856 tempore
859 802 1030 843 mobilis
1051 817 1129 844 nec
1148 804 1289 856 potest
1311 801 1541 842 secundum

191 876 360 902 cursum
398 877 520 902 suum
557 861 859 916 conprehendi,
900 862 1100 914 quoniam
1137 864 1255 903 ortus
1292 863 1333 901 et
1369 874 1542 901 occasus

191 922 312 976 signa
334 936 357 961 a
375 921 568 961 locorum
588 924 741 961 natura
758 920 875 961 uarie
894 921 1186 961 ostenduntur.
1218 920 1278 960 sie
1295 923 1337 961 et
1352 919 1541 960 limitum

192 979 402 1021 ordinatio
430 979 509 1020 hac
541 980 704 1020 ratione
737 978 1027 1033 conprehensa
1060 993 1227 1033 semper
1256 979 1388 1019 altera
1420 978 1541 1019 alteri

49 1039 79 1071 A
93 1048 144 1073 128
166 1037 194 1070 Β
208 1047 258 1072 239
286 1039 564 1080 disconuenit.
595 1039 607 1092 Η
638 1038 716 1079 hos
745 1038 817 1092 qui
844 1037 896 1078 ad
926 1038 1086 1079 limites
1116 1037 1436 1079 constituendos
1462 1037 1542 1077 hac

49 1085 77 1118 E
92 1095 126 1119 45
164 1085 258 1119 P91v

71 1222 100 1255 B
116 1231 166 1255 240

285 1098 449 1139 ratione
476 1101 576 1139 sunt
601 1097 685 1152 usi,
714 1096 868 1139 fefellit
894 1097 1042 1138 mundi
1069 1097 1332 1152 magnitudo,
1358 1096 1432 1150 qui
1459 1095 1540 1150 [se]

191 1160 333 1198 ortum
360 1160 402 1198 et
422 1171 619 1198 occasum
646 1156 868 1211 peruidere
895 1156 1178 1198 crediderunt:
1205 1158 1278 1197 aut
1304 1156 1414 1197 forte
1442 1155 1543 1195 scie-

193 1219 294 1257 runt
314 1231 499 1258 errorem
523 1215 526 1272 Ι
551 1219 591 1257 et
611 1217 902 1271 neglexerunt,
922 1216 960 1256 ei
981 1217 1171 1257 contenti
1189 1217 1357 1257 tantum
1376 1214 1543 1268 regioni

191 1278 332 1317 ortum
360 1278 402 1317 et
429 1290 625 1317 occasum
654 1275 859 1316 demetii-i.
897 1275 1027 1316 immo
1056 1275 1322 1316 contendisse
1349 1274 1543 1315 feruntur

250 1411 287 1437 10
314 1415 425 1448 supra
454 1408 530 1445 135,
550 1410 564 1437 1

249 1530 265 1556 1
293 1523 382 1568 dici]
410 1523 491 1556 deci
518 1525 563 1563 A,
597 1522 782 1556 decimani
808 1526 834 1554 E
942 1529 959 1554 2
987 1521 1086 1555 orbis
1111 1522 1259 1565 scripsi,
1290 1521 1335 1563 cf.
1365 1524 1445 1564 147,
1465 1524 1485 1554 7
1510 1526 1542 1555 et

192 1574 272 1612 151,
288 1570 442 1616 15—19]
467 1569 568 1603 urbis
591 1569 693 1603 oLa.
768 1576 786 1602 3
813 1568 1017 1613 appellatio
1039 1580 1059 1602 a
1079 1569 1118 1614 P]
1142 1568 1434 1612 appellationem
1455 1579 1477 1602 a
1503 1571 1539 1610 B,

191 1629 289 1652 a-ne
315 1621 379 1650 ΑΕ
409 1619 412 1661 Ι
441 1617 636 1650 kardinem
662 1616 791 1650 mundi
818 1619 897 1658 BE,
928 1616 1058 1650 mundi
1086 1616 1236 1650 cardine
1262 1620 1287 1648 P
1384 1623 1401 1649 4
1428 1626 1542 1659 quare

191 1668 306 1707 ABE,
340 1676 435 1708 quae
461 1668 486 1697 P
521 1666 524 1708 1
560 1665 632 1710 est]
659 1675 745 1708 ergo
773 1664 903 1698 add.13
1023 1671 1039 1697 5
1068 1668 1151 1707 post
1182 1663 1272 1697 licet
1302 1667 1373 1698 tres
1405 1664 1543 1698 litteras

191 1748 314 1771 erasas
339 1739 368 1768 A
402 1738 406 1780 1
442 1735 669 1769 decumanus
697 1734 778 1768 -M-
808 1735 948 1769 exitum
973 1739 998 1768 P
1030 1737 1034 1778 1
1066 1746 1140 1769 non
1165 1734 1206 1779 P]
1233 1736 1359 1769 noster
1384 1736 1482 1767 ABE

191 1792 209 1816 6
235 1783 416 1828 oppositis
443 1787 479 1825 P,
506 1784 618 1817 o-tus
644 1786 725 1824 ΑΕ,
757 1785 864 1817 o-tos
890 1785 916 1815 B
952 1785 955 1826 Ι
991 1782 1170 1815 maximus
1198 1782 1252 1816 bis
1276 1784 1302 1814 B
1337 1785 1341 1825 Ι
1375 1780 1490 1815 habet
1516 1784 1541 1814 B

252 1838 266 1863 τ
294 1831 342 1865 ab
370 1841 411 1865 eo
436 1832 472 1874 (a
491 1841 534 1864 ea:
554 1831 591 1874 u)
611 1833 639 1862 A
663 1832 666 1874 ί
689 1830 728 1863 in
755 1830 851 1875 eam]
879 1830 1001 1863 ineam
1029 1829 1075 1863 ad
1101 1833 1126 1861 P
1149 1830 1152 1873 Ι
1177 1828 1313 1862 deferit
1337 1832 1364 1862 E
1388 1830 1391 1872 Ι
1415 1839 1480 1862 suo
1504 1831 1542 1870 B,

192 1889 259 1912 sua
279 1881 354 1922 ΑΕ,
381 1878 420 1911 in
447 1888 511 1911 suo
538 1881 564 1910 P
647 1884 664 1910 S
690 1877 851 1911 interual
875 1881 903 1909 A
986 1883 1090 1910 9—10
1116 1875 1223 1909 multi
1250 1876 1305 1909 ita
1330 1876 1387 1921 ut]
1414 1875 1542 1909 multis

192 1927 234 1959 ut
258 1928 282 1959 B
380 1932 417 1958 10
444 1928 525 1959 ortu
553 1926 589 1958 et
615 1935 748 1958 occasu
775 1928 855 1964 ΑΕ,
888 1926 989 1958 ortus
1017 1925 1054 1957 et
1079 1934 1258 1958 occansus
1283 1926 1309 1956 B
1407 1930 1439 1956 11
1467 1934 1543 1957 mo-

192 1973 285 2007 biles
311 1976 350 2014 A,
378 1984 443 2007 om.
465 1975 490 2005 B
515 1976 518 2015 ι
541 1972 624 2018 nec]
650 1982 696 2005 ne
723 1975 748 2005 B
827 1978 863 2004 1⁴2
890 1973 941 2017 et]
969 1975 1021 2005 est
1047 1974 1075 2004 A
1154 1978 1189 2004 13
1216 1981 1238 2004 a
1264 1982 1330 2005 om.
1351 1974 1391 2012 E,
1418 1969 1456 2004 ad
1482 1974 1507 2003 P
1536 1970 1539 2013 1

192 2022 364 2054 naturam
390 2024 416 2053 P
439 2021 442 2064 Ι
465 2019 594 2053 uariae
621 2022 660 2059 A,
686 2020 810 2053 uarias
836 2022 873 2059 B,
900 2030 1021 2052 uanae
1047 2022 1072 2051 P
1160 2025 1195 2051 14
1223 2017 1342 2051 altera
1367 2017 1475 2051 alteri
1501 2017 1541 2062 P]

193 2067 301 2101 aliter
327 2071 402 2108 ΑΕ,
431 2067 540 2101 alteri
567 2067 613 2100 -1-
642 2070 667 2099 B
756 2073 792 2099 15
817 2071 897 2110 post
922 2065 1157 2099 disconuenit
1183 2067 1223 2099 in
1250 2066 1415 2100 omnibus
1440 2064 1540 2099 codd.

191 2117 354 2158 sequitur
374 2118 457 2156 155,
474 2117 648 2156 17-156,
664 2117 709 2148 16
732 2114 762 2147 si
782 2124 869 2148 uero
890 2113 928 2146 in
951 2113 1161 2157 propinquo
1176 2134 1209 2138 —
1222 2134 1255 2137 -—
1271 2112 1443 2146 ordinata
1463 2111 1541 2152 AC,

192 2173 272 2197 cnm
298 2174 413 2196 u'nwn
438 2163 569 2205 folium
595 2162 782 2206 archetypi
811 2162 880 2195 huc
911 2161 1004 2203 falso
1036 2161 1176 2195 uenerit
1295 2167 1332 2193 16
1357 2161 1444 2193 sunt
1469 2158 1541 2204 usi]

193 2212 280 2243 sunt
305 2211 347 2242 ut
373 2209 438 2243 sisi
464 2213 509 2251 A,
543 2211 629 2242 sunt
656 2208 734 2242 Sise
760 2212 803 2250 B,
836 2210 1001 2242 sunt.ut
1026 2208 1056 2241 si
1083 2211 1127 2250 E,
1160 2207 1217 2240 usi
1245 2209 1330 2241 sunt
1355 2211 1379 2239 P
1408 2207 1412 2252 Ι
1441 2217 1479 2240 se
1504 2209 1541 2247 P,

192 2268 259 2291 om.
281 2259 378 2289 ABE
452 2263 487 2289 17
516 2259 598 2290 ortu
618 2259 658 2293 A,
686 2258 787 2290 ortus
811 2260 837 2288 Ε
867 2258 871 2299 l
901 2257 937 2289 et
963 2265 1115 2289 occasus
1141 2259 1168 2287 E
1242 2260 1353 2287 17—18
1380 2254 1543 2288 scierunt

192 2305 232 2349 P]
259 2304 411 2337 insciret
437 2307 475 2343 A,
505 2304 615 2337 sciret
640 2306 677 2344 B,
705 2303 797 2336 scire
823 2306 850 2336 E
924 2309 960 2336 18
986 2304 1024 2337 et
1050 2301 1215 2336 contenti
1241 2305 1351 2344 ABE,
1378 2300 1542 2335 cont-enti

194 2351 227 2384 ei
253 2355 278 2384 P
306 2354 310 2395 ξ
339 2350 500 2395 regionis
527 2355 554 2383 E
652 2358 687 2384 19
714 2351 838 2384 ferunt
864 2353 890 2382 E

1568 762 1602 787 10

1568 1057 1600 1082 15
