<?xml version="1.0" encoding="UTF-8"?>
<!DOCTYPE html PUBLIC "-//W3C//DTD XHTML 1.0 Transitional//EN"
    "http://www.w3.org/TR/xhtml1/DTD/xhtml1-transitional.dtd">
<html xmlns="http://www.w3.org/1999/xhtml" xml:lang="en" lang="en">
 <head>
  <title>
</title>
<meta http-equiv="Content-Type" content="text/html;charset=utf-8" />
  <meta name='ocr-system' content='tesseract 3.04.00' />
  <meta name='ocr-capabilities' content='ocr_page ocr_carea ocr_par ocr_line ocrx_word'/>
</head>
<body>
  <div class='ocr_page' id='page_1' title='image "./corpusagrimensor01thuluoft_0144.png"; bbox 0 0 1669 2545; ppageno 0'>
   <div class='ocr_carea' id='block_1_1' title="bbox 72 599 161 634">
    <p class='ocr_par' dir='ltr' id='par_1_1' title="bbox 72 599 161 634">
     <span class='ocr_line' id='line_1_1' title="bbox 72 599 161 634; baseline 0.022 -2"><span class='ocrx_word' id='word_1_1' title='bbox 72 599 161 634; x_wconf 57' lang='grc' dir='ltr'>Ἡρη</span> 
     </span>
    </p>
   </div>
   <div class='ocr_carea' id='block_1_2' title="bbox 197 74 1539 121">
    <p class='ocr_par' dir='ltr' id='par_1_2' title="bbox 197 74 1539 121">
     <span class='ocr_line' id='line_1_2' title="bbox 197 74 1539 121; baseline 0.004 -13"><span class='ocrx_word' id='word_1_2' title='bbox 197 74 280 114; x_wconf 77' lang='lat'>134</span> <span class='ocrx_word' id='word_1_3' title='bbox 354 74 495 109; x_wconf 83' lang='lat' dir='ltr'><strong>ABEP</strong></span> <span class='ocrx_word' id='word_1_4' title='bbox 634 75 1099 110; x_wconf 69' lang='lat' dir='ltr'>HYGINileMA&#39;HCI</span> <span class='ocrx_word' id='word_1_5' title='bbox 1173 77 1539 121; x_wconf 52' lang='lat' dir='ltr'>tamam-1702</span> 
     </span>
    </p>
   </div>
   <div class='ocr_carea' id='block_1_3' title="bbox 186 182 1541 948">
    <p class='ocr_par' dir='ltr' id='par_1_3' title="bbox 186 182 1541 948">
     <span class='ocr_line' id='line_1_3' title="bbox 193 182 1540 240; baseline 0.004 -18"><span class='ocrx_word' id='word_1_6' title='bbox 193 182 332 223; x_wconf 89' lang='lat' dir='ltr'>dinem</span> <span class='ocrx_word' id='word_1_7' title='bbox 353 183 446 236; x_wconf 85' lang='lat' dir='ltr'>ped.</span> <span class='ocrx_word' id='word_1_8' title='bbox 461 183 554 224; x_wconf 81' lang='grc' dir='ltr'>ΧΠ.</span> <span class='ocrx_word' id='word_1_9' title='bbox 582 199 656 238; x_wconf 87' lang='lat' dir='ltr'>per</span> <span class='ocrx_word' id='word_1_10' title='bbox 672 185 749 226; x_wconf 88' lang='lat' dir='ltr'>hos</span> <span class='ocrx_word' id='word_1_11' title='bbox 771 185 851 225; x_wconf 87' lang='lat' dir='ltr'>iter</span> <span class='ocrx_word' id='word_1_12' title='bbox 868 185 1029 238; x_wconf 88' lang='lat' dir='ltr'>populo</span> <span class='ocrx_word' id='word_1_13' title='bbox 1051 185 1160 226; x_wconf 86' lang='lat' dir='ltr'>sicut</span> <span class='ocrx_word' id='word_1_14' title='bbox 1180 200 1256 239; x_wconf 89' lang='lat' dir='ltr'>per</span> <span class='ocrx_word' id='word_1_15' title='bbox 1272 185 1384 227; x_wconf 88' lang='lat' dir='ltr'>uiam</span> <span class='ocrx_word' id='word_1_16' title='bbox 1403 186 1540 240; x_wconf 90' lang='lat' dir='ltr'>publi-</span> 
     </span>
     <span class='ocr_line' id='line_1_4' title="bbox 192 242 1541 299; baseline 0.004 -18"><span class='ocrx_word' id='word_1_17' title='bbox 192 256 282 282; x_wconf 98' lang='lat' dir='ltr'>cam</span> <span class='ocrx_word' id='word_1_18' title='bbox 304 242 498 283; x_wconf 87' lang='lat' dir='ltr'>debetur:</span> <span class='ocrx_word' id='word_1_19' title='bbox 524 243 565 283; x_wconf 87' lang='lat' dir='ltr'>id</span> <span class='ocrx_word' id='word_1_20' title='bbox 586 243 697 283; x_wconf 86' lang='lat' dir='ltr'>enim</span> <span class='ocrx_word' id='word_1_21' title='bbox 720 246 889 285; x_wconf 85' lang='lat' dir='ltr'>cautum</span> <span class='ocrx_word' id='word_1_22' title='bbox 911 246 975 284; x_wconf 85' lang='lat' dir='ltr'>est</span> <span class='ocrx_word' id='word_1_23' title='bbox 994 243 1087 299; x_wconf 86' lang='lat' dir='ltr'>lege</span> <span class='ocrx_word' id='word_1_24' title='bbox 1110 243 1359 299; x_wconf 82' lang='lat' dir='ltr'>Sempronia</span> <span class='ocrx_word' id='word_1_25' title='bbox 1379 247 1420 286; x_wconf 90' lang='lat' dir='ltr'>et</span> <span class='ocrx_word' id='word_1_26' title='bbox 1442 244 1541 287; x_wconf 87' lang='lat' dir='ltr'>Cor-</span> 
     </span>
     <span class='ocr_line' id='line_1_5' title="bbox 191 300 1540 358; baseline 0.003 -17"><span class='ocrx_word' id='word_1_27' title='bbox 191 300 302 341; x_wconf 85' lang='lat' dir='ltr'>nelia</span> <span class='ocrx_word' id='word_1_28' title='bbox 322 303 363 341; x_wconf 85' lang='lat' dir='ltr'>et</span> <span class='ocrx_word' id='word_1_29' title='bbox 383 300 503 342; x_wconf 87' lang='lat' dir='ltr'>Iulia.</span> <span class='ocrx_word' id='word_1_30' title='bbox 531 302 703 356; x_wconf 86' lang='lat' dir='ltr'>quidam</span> <span class='ocrx_word' id='word_1_31' title='bbox 725 317 774 343; x_wconf 84' lang='lat' dir='ltr'>ex</span> <span class='ocrx_word' id='word_1_32' title='bbox 795 302 861 343; x_wconf 85' lang='lat' dir='ltr'>his</span> <span class='ocrx_word' id='word_1_33' title='bbox 880 303 1055 343; x_wconf 85' lang='lat' dir='ltr'>latiores</span> <span class='ocrx_word' id='word_1_34' title='bbox 1077 306 1175 344; x_wconf 90' lang='lat' dir='ltr'>sunt</span> <span class='ocrx_word' id='word_1_35' title='bbox 1193 318 1317 357; x_wconf 85' lang='lat' dir='ltr'>quam</span> <span class='ocrx_word' id='word_1_36' title='bbox 1339 304 1431 358; x_wconf 88' lang='lat' dir='ltr'>ped.</span> <span class='ocrx_word' id='word_1_37' title='bbox 1447 303 1540 358; x_wconf 84' lang='lat' dir='ltr'>XII,</span> 
     </span>
     <span class='ocr_line' id='line_1_6' title="bbox 191 360 1540 415; baseline 0.003 -15"><span class='ocrx_word' id='word_1_38' title='bbox 191 363 237 400; x_wconf 88' lang='lat' dir='ltr'>ut</span> <span class='ocrx_word' id='word_1_39' title='bbox 263 360 307 400; x_wconf 87' lang='lat' dir='ltr'>hi</span> <span class='ocrx_word' id='word_1_40' title='bbox 329 361 401 413; x_wconf 89' lang='lat' dir='ltr'>qui</span> <span class='ocrx_word' id='word_1_41' title='bbox 424 364 523 401; x_wconf 84' lang='lat' dir='ltr'>sunt</span> <span class='ocrx_word' id='word_1_42' title='bbox 544 376 618 415; x_wconf 89' lang='lat' dir='ltr'>per</span> <span class='ocrx_word' id='word_1_43' title='bbox 638 362 751 402; x_wconf 85' lang='lat' dir='ltr'>uiam</span> <span class='ocrx_word' id='word_1_44' title='bbox 771 362 985 415; x_wconf 79' lang='lat' dir='ltr'>publicam</span> <span class='ocrx_word' id='word_1_45' title='bbox 1008 362 1235 403; x_wconf 83' lang='lat' dir='ltr'>militarem</span> <span class='ocrx_word' id='word_1_46' title='bbox 1257 362 1358 404; x_wconf 83' lang='lat' dir='ltr'>acti:</span> <span class='ocrx_word' id='word_1_47' title='bbox 1382 363 1540 405; x_wconf 85' lang='lat' dir='ltr'>habent</span> 
     </span>
     <span class='ocr_line' id='line_1_7' title="bbox 191 419 1540 476; baseline 0.003 -17"><span class='ocrx_word' id='word_1_48' title='bbox 191 419 302 459; x_wconf 90' lang='lat' dir='ltr'>enim</span> <span class='ocrx_word' id='word_1_49' title='bbox 324 419 593 462; x_wconf 84' lang='lat' dir='ltr'>latitudinem</span> <span class='ocrx_word' id='word_1_50' title='bbox 611 421 704 461; x_wconf 90' lang='lat' dir='ltr'>uiae</span> <span class='ocrx_word' id='word_1_51' title='bbox 725 421 933 475; x_wconf 86' lang='lat' dir='ltr'>publicae.</span> <span class='ocrx_word' id='word_1_52' title='bbox 960 421 1125 462; x_wconf 86' lang='lat' dir='ltr'>linearii</span> <span class='ocrx_word' id='word_1_53' title='bbox 1146 421 1303 463; x_wconf 82' lang='lat' dir='ltr'>limites</span> <span class='ocrx_word' id='word_1_54' title='bbox 1324 437 1347 462; x_wconf 88' lang='lat' dir='ltr'>a</span> <span class='ocrx_word' id='word_1_55' title='bbox 1368 422 1540 476; x_wconf 86' lang='lat' dir='ltr'>quibus-</span> 
     </span>
     <span class='ocr_line' id='line_1_8' title="bbox 190 478 1540 523; baseline 0.004 -6"><span class='ocrx_word' id='word_1_56' title='bbox 190 478 286 518; x_wconf 88' lang='lat' dir='ltr'>dam</span> <span class='ocrx_word' id='word_1_57' title='bbox 308 493 527 520; x_wconf 78' lang='lat' dir='ltr'>mensurae</span> <span class='ocrx_word' id='word_1_58' title='bbox 548 482 716 520; x_wconf 83' lang='lat' dir='ltr'>tantum</span> <span class='ocrx_word' id='word_1_59' title='bbox 738 480 1094 521; x_wconf 84' lang='lat' dir='ltr'>disterminandae</span> <span class='ocrx_word' id='word_1_60' title='bbox 1116 495 1242 522; x_wconf 87' lang='lat' dir='ltr'>causa</span> <span class='ocrx_word' id='word_1_61' title='bbox 1267 484 1366 522; x_wconf 92' lang='lat' dir='ltr'>sunt</span> <span class='ocrx_word' id='word_1_62' title='bbox 1386 482 1540 523; x_wconf 86' lang='lat' dir='ltr'>consti-</span> 
     </span>
     <span class='ocr_line' id='line_1_9' title="bbox 190 538 1534 590; baseline 0.003 -13"><span class='ocrx_word' id='word_1_63' title='bbox 190 538 290 590; x_wconf 78' lang='lat' dir='ltr'>tuti,</span> <span class='ocrx_word' id='word_1_64' title='bbox 323 540 364 578; x_wconf 86' lang='lat' dir='ltr'>et</span> <span class='ocrx_word' id='word_1_65' title='bbox 397 538 431 578; x_wconf 90' lang='lat' dir='ltr'>si</span> <span class='ocrx_word' id='word_1_66' title='bbox 466 538 638 579; x_wconf 87' lang='lat' dir='ltr'>finitimi</span> <span class='ocrx_word' id='word_1_67' title='bbox 671 539 978 590; x_wconf 73' lang='lat' dir='ltr'>interueniunt,</span> <span class='ocrx_word' id='word_1_68' title='bbox 1010 540 1281 581; x_wconf 86' lang='lat' dir='ltr'>latitudinem</span> <span class='ocrx_word' id='word_1_69' title='bbox 1308 541 1534 582; x_wconf 86' lang='lat' dir='ltr'>secundum</span> 
     </span>
     <span class='ocr_line' id='line_1_10' title="bbox 187 595 1538 654; baseline 0.003 -18"><span class='ocrx_word' id='word_1_70' title='bbox 187 597 325 651; x_wconf 79' lang='lat' dir='ltr'>legem</span> <span class='ocrx_word' id='word_1_71' title='bbox 341 596 571 638; x_wconf 76' lang='lat' dir='ltr'>Mamiliam</span> <span class='ocrx_word' id='word_1_72' title='bbox 588 595 592 654; x_wconf 95' lang='grc' dir='ltr'>Ι</span> <span class='ocrx_word' id='word_1_73' title='bbox 608 599 833 652; x_wconf 87' lang='lat' dir='ltr'>accipiunt.</span> <span class='ocrx_word' id='word_1_74' title='bbox 860 599 903 639; x_wconf 93' lang='lat' dir='ltr'>in</span> <span class='ocrx_word' id='word_1_75' title='bbox 918 598 1040 640; x_wconf 87' lang='lat' dir='ltr'>Italia</span> <span class='ocrx_word' id='word_1_76' title='bbox 1058 599 1185 640; x_wconf 78' lang='lat' dir='ltr'>etiam</span> <span class='ocrx_word' id='word_1_77' title='bbox 1205 599 1349 640; x_wconf 89' lang='lat' dir='ltr'>itineri</span> <span class='ocrx_word' id='word_1_78' title='bbox 1366 599 1538 654; x_wconf 88' lang='lat' dir='ltr'>publico</span> 
     </span>
     <span class='ocr_line' id='line_1_11' title="bbox 189 655 1538 710; baseline 0.004 -15"><span class='ocrx_word' id='word_1_79' title='bbox 189 655 381 697; x_wconf 84' lang='lat' dir='ltr'>seruiunt</span> <span class='ocrx_word' id='word_1_80' title='bbox 401 657 480 697; x_wconf 82' lang='lat' dir='ltr'>sub</span> <span class='ocrx_word' id='word_1_81' title='bbox 503 659 787 710; x_wconf 73' lang='lat' dir='ltr'>appellatione</span> <span class='ocrx_word' id='word_1_82' title='bbox 813 659 1185 700; x_wconf 83' lang='lat' dir='ltr'>subruneiuorum:</span> <span class='ocrx_word' id='word_1_83' title='bbox 1212 659 1370 700; x_wconf 86' lang='lat' dir='ltr'>habent</span> <span class='ocrx_word' id='word_1_84' title='bbox 1396 658 1538 700; x_wconf 86' lang='lat' dir='ltr'>latitu-</span> 
     </span>
     <span class='ocr_line' id='line_1_12' title="bbox 189 714 1536 768; baseline 0.004 -14"><span class='ocrx_word' id='word_1_85' title='bbox 189 714 329 755; x_wconf 82' lang='lat' dir='ltr'>dinem</span> <span class='ocrx_word' id='word_1_86' title='bbox 355 716 447 768; x_wconf 89' lang='lat' dir='ltr'>ped.</span> <span class='ocrx_word' id='word_1_87' title='bbox 469 715 583 757; x_wconf 84' lang='lat' dir='ltr'>VIII.</span> <span class='ocrx_word' id='word_1_88' title='bbox 624 716 702 758; x_wconf 88' lang='lat' dir='ltr'>hos</span> <span class='ocrx_word' id='word_1_89' title='bbox 729 717 969 758; x_wconf 87' lang='lat' dir='ltr'>conditores</span> <span class='ocrx_word' id='word_1_90' title='bbox 998 718 1259 758; x_wconf 86' lang='lat' dir='ltr'>coloniarum</span> <span class='ocrx_word' id='word_1_91' title='bbox 1285 718 1449 759; x_wconf 85' lang='lat' dir='ltr'>fructus</span> <span class='ocrx_word' id='word_1_92' title='bbox 1476 733 1536 759; x_wconf 88' lang='lat' dir='ltr'>as-</span> 
     </span>
     <span class='ocr_line' id='line_1_13' title="bbox 187 774 1537 831; baseline 0.003 -17"><span class='ocrx_word' id='word_1_93' title='bbox 187 774 383 827; x_wconf 77' lang='lat' dir='ltr'>portandi</span> <span class='ocrx_word' id='word_1_94' title='bbox 411 789 536 816; x_wconf 84' lang='lat' dir='ltr'>causa</span> <span class='ocrx_word' id='word_1_95' title='bbox 568 775 905 829; x_wconf 82' lang='lat' dir='ltr'>publicauerunt.</span> <span class='ocrx_word' id='word_1_96' title='bbox 951 791 1049 816; x_wconf 88' lang='lat' dir='ltr'>nam</span> <span class='ocrx_word' id='word_1_97' title='bbox 1076 779 1118 818; x_wconf 90' lang='lat' dir='ltr'>et</span> <span class='ocrx_word' id='word_1_98' title='bbox 1143 777 1433 830; x_wconf 87' lang='lat' dir='ltr'>possessiones</span> <span class='ocrx_word' id='word_1_99' title='bbox 1460 792 1537 831; x_wconf 85' lang='lat' dir='ltr'>pro</span> 
     </span>
     <span class='ocr_line' id='line_1_14' title="bbox 187 833 1538 891; baseline 0.004 -18"><span class='ocrx_word' id='word_1_100' title='bbox 187 833 379 874; x_wconf 85' lang='lat' dir='ltr'>aestimio</span> <span class='ocrx_word' id='word_1_101' title='bbox 407 834 616 875; x_wconf 84' lang='lat' dir='ltr'>ubertatis</span> <span class='ocrx_word' id='word_1_102' title='bbox 643 836 910 890; x_wconf 77' lang='lat' dir='ltr'>angustiores</span> <span class='ocrx_word' id='word_1_103' title='bbox 937 839 1035 876; x_wconf 81' lang='lat' dir='ltr'>sunt</span> <span class='ocrx_word' id='word_1_104' title='bbox 1061 836 1324 891; x_wconf 79' lang='lat' dir='ltr'>adsignatae:</span> <span class='ocrx_word' id='word_1_105' title='bbox 1358 836 1538 890; x_wconf 88' lang='lat' dir='ltr'>ideoque</span> 
     </span>
     <span class='ocr_line' id='line_1_15' title="bbox 186 891 1536 948; baseline 0.003 -16"><span class='ocrx_word' id='word_1_106' title='bbox 186 891 343 933; x_wconf 82' lang='lat' dir='ltr'>limites</span> <span class='ocrx_word' id='word_1_107' title='bbox 365 907 511 934; x_wconf 87' lang='lat' dir='ltr'>omnes</span> <span class='ocrx_word' id='word_1_108' title='bbox 531 908 618 934; x_wconf 87' lang='lat' dir='ltr'>non</span> <span class='ocrx_word' id='word_1_109' title='bbox 639 894 777 934; x_wconf 85' lang='lat' dir='ltr'>solum</span> <span class='ocrx_word' id='word_1_110' title='bbox 795 909 1017 935; x_wconf 82' lang='lat' dir='ltr'>mensurae</span> <span class='ocrx_word' id='word_1_111' title='bbox 1036 895 1109 935; x_wconf 86' lang='lat' dir='ltr'>sed</span> <span class='ocrx_word' id='word_1_112' title='bbox 1127 898 1169 935; x_wconf 90' lang='lat' dir='ltr'>et</span> <span class='ocrx_word' id='word_1_113' title='bbox 1188 895 1350 948; x_wconf 84' lang='lat' dir='ltr'>publici</span> <span class='ocrx_word' id='word_1_114' title='bbox 1372 896 1536 937; x_wconf 88' lang='lat' dir='ltr'>itineris</span> 
     </span>
    </p>
   </div>
   <div class='ocr_carea' id='block_1_4' title="bbox 146 951 1109 1022">
    <p class='ocr_par' dir='ltr' id='par_1_4' title="bbox 146 951 1109 1022">
     <span class='ocr_line' id='line_1_16' title="bbox 146 951 1109 1022; baseline 0.002 -31"><span class='ocrx_word' id='word_1_115' title='bbox 146 1000 159 1022; x_wconf 40' lang='grc' dir='ltr'>Γ)</span> <span class='ocrx_word' id='word_1_116' title='bbox 188 966 312 992; x_wconf 86' lang='lat' dir='ltr'>causa</span> <span class='ocrx_word' id='word_1_117' title='bbox 338 952 585 993; x_wconf 86' lang='lat' dir='ltr'>latitudines</span> <span class='ocrx_word' id='word_1_118' title='bbox 613 955 875 1007; x_wconf 87' lang='lat' dir='ltr'>acceperunt.</span> <span class='ocrx_word' id='word_1_119' title='bbox 911 951 1001 1008; x_wconf 78' lang='lat' dir='ltr'>(fig.</span> <span class='ocrx_word' id='word_1_120' title='bbox 1024 952 1109 1008; x_wconf 82' lang='lat'>71.)</span> 
     </span>
    </p>
   </div>
   <div class='ocr_carea' id='block_1_5' title="bbox 184 1009 1536 1424">
    <p class='ocr_par' dir='ltr' id='par_1_5' title="bbox 184 1009 1536 1424">
     <span class='ocr_line' id='line_1_17' title="bbox 247 1009 1535 1068; baseline 0.002 -17"><span class='ocrx_word' id='word_1_121' title='bbox 247 1009 487 1051; x_wconf 85' lang='lat' dir='ltr'>Secundum</span> <span class='ocrx_word' id='word_1_122' title='bbox 506 1011 726 1065; x_wconf 84' lang='lat' dir='ltr'>antiquam</span> <span class='ocrx_word' id='word_1_123' title='bbox 744 1013 1092 1053; x_wconf 77' lang='lat' dir='ltr'>consuetudinem</span> <span class='ocrx_word' id='word_1_124' title='bbox 1107 1012 1266 1054; x_wconf 83' lang='lat' dir='ltr'>limites</span> <span class='ocrx_word' id='word_1_125' title='bbox 1282 1013 1535 1068; x_wconf 83' lang='lat' dir='ltr'>diriguntur.</span> 
     </span>
     <span class='ocr_line' id='line_1_18' title="bbox 188 1071 1535 1127; baseline 0.003 -18"><span class='ocrx_word' id='word_1_126' title='bbox 188 1084 315 1123; x_wconf 81' lang='lat' dir='ltr'>quare</span> <span class='ocrx_word' id='word_1_127' title='bbox 341 1084 427 1110; x_wconf 86' lang='lat' dir='ltr'>non</span> <span class='ocrx_word' id='word_1_128' title='bbox 455 1071 590 1111; x_wconf 87' lang='lat' dir='ltr'>omnis</span> <span class='ocrx_word' id='word_1_129' title='bbox 622 1085 821 1126; x_wconf 82' lang='lat' dir='ltr'>agrorum</span> <span class='ocrx_word' id='word_1_130' title='bbox 855 1085 1051 1112; x_wconf 87' lang='lat' dir='ltr'>mensura</span> <span class='ocrx_word' id='word_1_131' title='bbox 1083 1071 1126 1112; x_wconf 90' lang='lat' dir='ltr'>in</span> <span class='ocrx_word' id='word_1_132' title='bbox 1154 1071 1361 1113; x_wconf 82' lang='lat' dir='ltr'>orientem</span> <span class='ocrx_word' id='word_1_133' title='bbox 1393 1073 1535 1127; x_wconf 85' lang='lat' dir='ltr'>potius</span> 
     </span>
     <span class='ocr_line' id='line_1_19' title="bbox 186 1130 1535 1184; baseline 0.003 -16"><span class='ocrx_word' id='word_1_134' title='bbox 186 1143 312 1182; x_wconf 83' lang='lat' dir='ltr'>quam</span> <span class='ocrx_word' id='word_1_135' title='bbox 346 1130 390 1170; x_wconf 92' lang='lat' dir='ltr'>in</span> <span class='ocrx_word' id='word_1_136' title='bbox 423 1130 682 1171; x_wconf 88' lang='lat' dir='ltr'>occidentem</span> <span class='ocrx_word' id='word_1_137' title='bbox 717 1133 891 1184; x_wconf 83' lang='lat' dir='ltr'>spectat.</span> <span class='ocrx_word' id='word_1_138' title='bbox 943 1131 986 1171; x_wconf 90' lang='lat' dir='ltr'>in</span> <span class='ocrx_word' id='word_1_139' title='bbox 1022 1131 1225 1172; x_wconf 84' lang='lat' dir='ltr'>orientem</span> <span class='ocrx_word' id='word_1_140' title='bbox 1267 1131 1376 1173; x_wconf 87' lang='lat' dir='ltr'>sicut</span> <span class='ocrx_word' id='word_1_141' title='bbox 1415 1132 1535 1173; x_wconf 86' lang='lat' dir='ltr'>aedes</span> 
     </span>
     <span class='ocr_line' id='line_1_20' title="bbox 187 1189 1536 1245; baseline 0.002 -17"><span class='ocrx_word' id='word_1_142' title='bbox 187 1202 339 1229; x_wconf 85' lang='lat' dir='ltr'>sacrae.</span> <span class='ocrx_word' id='word_1_143' title='bbox 375 1189 379 1241; x_wconf 90' lang='grc' dir='ltr'>Ι</span> <span class='ocrx_word' id='word_1_144' title='bbox 417 1204 512 1230; x_wconf 83' lang='lat' dir='ltr'>nam</span> <span class='ocrx_word' id='word_1_145' title='bbox 549 1189 713 1243; x_wconf 84' lang='lat' dir='ltr'>antiqui</span> <span class='ocrx_word' id='word_1_146' title='bbox 747 1190 967 1231; x_wconf 74' lang='lat' dir='ltr'>architecti</span> <span class='ocrx_word' id='word_1_147' title='bbox 1004 1190 1046 1230; x_wconf 91' lang='lat' dir='ltr'>in</span> <span class='ocrx_word' id='word_1_148' title='bbox 1082 1190 1339 1232; x_wconf 79' lang='lat' dir='ltr'>occidentem</span> <span class='ocrx_word' id='word_1_149' title='bbox 1376 1192 1536 1245; x_wconf 86' lang='lat' dir='ltr'>templa</span> 
     </span>
     <span class='ocr_line' id='line_1_21' title="bbox 186 1249 1535 1303; baseline 0.001 -15"><span class='ocrx_word' id='word_1_150' title='bbox 186 1250 297 1288; x_wconf 86' lang='lat' dir='ltr'>recte</span> <span class='ocrx_word' id='word_1_151' title='bbox 330 1251 519 1302; x_wconf 88' lang='lat' dir='ltr'>spectare</span> <span class='ocrx_word' id='word_1_152' title='bbox 552 1249 830 1303; x_wconf 82' lang='lat' dir='ltr'>scripserunt:</span> <span class='ocrx_word' id='word_1_153' title='bbox 866 1251 1014 1303; x_wconf 86' lang='lat' dir='ltr'>postea</span> <span class='ocrx_word' id='word_1_154' title='bbox 1045 1249 1207 1303; x_wconf 83' lang='lat' dir='ltr'>placuit</span> <span class='ocrx_word' id='word_1_155' title='bbox 1241 1264 1409 1290; x_wconf 89' lang='lat' dir='ltr'>omnem</span> <span class='ocrx_word' id='word_1_156' title='bbox 1441 1250 1535 1291; x_wconf 87' lang='lat' dir='ltr'>reli-</span> 
     </span>
     <span class='ocr_line' id='line_1_22' title="bbox 184 1307 1534 1362; baseline 0.002 -15"><span class='ocrx_word' id='word_1_157' title='bbox 184 1307 355 1361; x_wconf 83' lang='lat' dir='ltr'>gionem</span> <span class='ocrx_word' id='word_1_158' title='bbox 390 1321 439 1348; x_wconf 89' lang='lat' dir='ltr'>eo</span> <span class='ocrx_word' id='word_1_159' title='bbox 466 1310 732 1362; x_wconf 81' lang='lat' dir='ltr'>conuertere,</span> <span class='ocrx_word' id='word_1_160' title='bbox 765 1323 815 1349; x_wconf 80' lang='lat' dir='ltr'>ex</span> <span class='ocrx_word' id='word_1_161' title='bbox 842 1323 925 1362; x_wconf 84' lang='lat' dir='ltr'>qua</span> <span class='ocrx_word' id='word_1_162' title='bbox 950 1310 1070 1361; x_wconf 86' lang='lat' dir='ltr'>parte</span> <span class='ocrx_word' id='word_1_163' title='bbox 1097 1308 1199 1349; x_wconf 76' lang='lat' dir='ltr'>caeli</span> <span class='ocrx_word' id='word_1_164' title='bbox 1228 1311 1340 1350; x_wconf 90' lang='lat' dir='ltr'>terra</span> <span class='ocrx_word' id='word_1_165' title='bbox 1366 1309 1534 1350; x_wconf 87' lang='lat' dir='ltr'>inlumi-</span> 
     </span>
     <span class='ocr_line' id='line_1_23' title="bbox 184 1366 1534 1424; baseline 0.003 -19"><span class='ocrx_word' id='word_1_166' title='bbox 184 1368 321 1407; x_wconf 88' lang='lat' dir='ltr'>natur.</span> <span class='ocrx_word' id='word_1_167' title='bbox 355 1366 414 1406; x_wconf 90' lang='lat' dir='ltr'>sic</span> <span class='ocrx_word' id='word_1_168' title='bbox 441 1370 482 1408; x_wconf 88' lang='lat' dir='ltr'>et</span> <span class='ocrx_word' id='word_1_169' title='bbox 506 1367 663 1408; x_wconf 87' lang='lat' dir='ltr'>limites</span> <span class='ocrx_word' id='word_1_170' title='bbox 690 1368 734 1408; x_wconf 89' lang='lat' dir='ltr'>in</span> <span class='ocrx_word' id='word_1_171' title='bbox 756 1368 962 1408; x_wconf 83' lang='lat' dir='ltr'>orientem</span> <span class='ocrx_word' id='word_1_172' title='bbox 990 1367 1320 1409; x_wconf 84' lang='lat' dir='ltr'>constituuntur.</span> <span class='ocrx_word' id='word_1_173' title='bbox 1348 1367 1436 1424; x_wconf 83' lang='lat' dir='ltr'>(fig.</span> <span class='ocrx_word' id='word_1_174' title='bbox 1449 1367 1534 1424; x_wconf 74' lang='lat'>72.)</span> 
     </span>
    </p>
   </div>
   <div class='ocr_carea' id='block_1_6' title="bbox 184 1483 1534 1572">
    <p class='ocr_par' dir='ltr' id='par_1_6' title="bbox 184 1483 1534 1572">
     <span class='ocr_line' id='line_1_24' title="bbox 184 1483 1534 1563; baseline 0.001 -47"><span class='ocrx_word' id='word_1_175' title='bbox 184 1530 212 1563; x_wconf 37' lang='lat' dir='ltr'>t·</span> <span class='ocrx_word' id='word_1_176' title='bbox 244 1490 327 1516; x_wconf 84' lang='lat'>1—3</span> <span class='ocrx_word' id='word_1_177' title='bbox 353 1483 517 1517; x_wconf 87' lang='lat' dir='ltr'>Frontin.</span> <span class='ocrx_word' id='word_1_178' title='bbox 539 1487 592 1525; x_wconf 91' lang='grc'>10,</span> <span class='ocrx_word' id='word_1_179' title='bbox 608 1487 626 1517; x_wconf 82' lang='lat'><strong>7</strong></span> <span class='ocrx_word' id='word_1_180' title='bbox 726 1490 829 1517; x_wconf 68' lang='lat'>8—10</span> <span class='ocrx_word' id='word_1_181' title='bbox 855 1483 992 1528; x_wconf 71' lang='lat' dir='ltr'>Hygin.</span> <span class='ocrx_word' id='word_1_182' title='bbox 1014 1487 1069 1525; x_wconf 76' lang='lat'>71,</span> <span class='ocrx_word' id='word_1_183' title='bbox 1085 1487 1176 1518; x_wconf 78' lang='grc'>8-9</span> <span class='ocrx_word' id='word_1_184' title='bbox 1275 1491 1396 1518; x_wconf 77' lang='grc'>18-19</span> <span class='ocrx_word' id='word_1_185' title='bbox 1423 1485 1534 1518; x_wconf 75' lang='lat' dir='ltr'>Fron-</span> 
     </span>
     <span class='ocr_line' id='line_1_25' title="bbox 203 1534 430 1572; baseline 0.004 -9"><span class='ocrx_word' id='word_1_186' title='bbox 203 1542 250 1563; x_wconf 88' lang='lat' dir='ltr'>m.</span> <span class='ocrx_word' id='word_1_187' title='bbox 269 1534 323 1572; x_wconf 96' lang='grc'>11,</span> <span class='ocrx_word' id='word_1_188' title='bbox 338 1534 430 1564; x_wconf 84' lang='grc'>4-5</span> 
     </span>
    </p>
   </div>
   <div class='ocr_carea' id='block_1_7' title="bbox 281 1586 468 1590">
    <p class='ocr_par' dir='ltr' id='par_1_7' title="bbox 281 1586 468 1590">
     <span class='ocr_line' id='line_1_26' title="bbox 281 1586 468 1590; baseline 0 0"><span class='ocrx_word' id='word_1_189' title='bbox 281 1586 468 1590; x_wconf 95' lang='lat' dir='ltr'> </span> 
     </span>
    </p>
   </div>
   <div class='ocr_carea' id='block_1_8' title="bbox 181 1613 1533 2037">
    <p class='ocr_par' dir='ltr' id='par_1_8' title="bbox 181 1613 1533 2037">
     <span class='ocr_line' id='line_1_27' title="bbox 242 1613 1533 1659; baseline 0.002 -13"><span class='ocrx_word' id='word_1_190' title='bbox 242 1620 257 1645; x_wconf 97' lang='grc'>1</span> <span class='ocrx_word' id='word_1_191' title='bbox 284 1613 349 1647; x_wconf 86' lang='lat' dir='ltr'>hos</span> <span class='ocrx_word' id='word_1_192' title='bbox 376 1617 448 1655; x_wconf 86' lang='grc' dir='ltr'>ΡΕ,</span> <span class='ocrx_word' id='word_1_193' title='bbox 475 1625 514 1647; x_wconf 88' lang='lat' dir='ltr'>os</span> <span class='ocrx_word' id='word_1_194' title='bbox 541 1617 580 1655; x_wconf 86' lang='lat' dir='ltr'>A,</span> <span class='ocrx_word' id='word_1_195' title='bbox 608 1624 669 1647; x_wconf 80' lang='lat' dir='ltr'>eos</span> <span class='ocrx_word' id='word_1_196' title='bbox 697 1617 721 1646; x_wconf 87' lang='lat' dir='ltr'>B</span> <span class='ocrx_word' id='word_1_197' title='bbox 815 1620 832 1646; x_wconf 78' lang='lat'>‘2</span> <span class='ocrx_word' id='word_1_198' title='bbox 858 1613 913 1659; x_wconf 84' lang='lat' dir='ltr'>id]</span> <span class='ocrx_word' id='word_1_199' title='bbox 940 1614 994 1648; x_wconf 84' lang='lat' dir='ltr'>ita</span> <span class='ocrx_word' id='word_1_200' title='bbox 1019 1618 1044 1647; x_wconf 89' lang='lat' dir='ltr'>P</span> <span class='ocrx_word' id='word_1_201' title='bbox 1136 1621 1221 1647; x_wconf 47' lang='lat'>2*3</span> <span class='ocrx_word' id='word_1_202' title='bbox 1248 1616 1285 1649; x_wconf 88' lang='lat' dir='ltr'>et</span> <span class='ocrx_word' id='word_1_203' title='bbox 1311 1614 1467 1648; x_wconf 78' lang='lat' dir='ltr'>coi-uilia</span> <span class='ocrx_word' id='word_1_204' title='bbox 1493 1618 1533 1658; x_wconf 84' lang='lat' dir='ltr'>A,</span> 
     </span>
     <span class='ocr_line' id='line_1_28' title="bbox 184 1660 1475 1707; baseline 0.002 -14"><span class='ocrx_word' id='word_1_205' title='bbox 184 1662 220 1694; x_wconf 85' lang='lat' dir='ltr'>et</span> <span class='ocrx_word' id='word_1_206' title='bbox 246 1660 444 1694; x_wconf 83' lang='lat' dir='ltr'>concordia</span> <span class='ocrx_word' id='word_1_207' title='bbox 469 1665 508 1702; x_wconf 84' lang='grc' dir='ltr'>Ε,</span> <span class='ocrx_word' id='word_1_208' title='bbox 535 1672 600 1695; x_wconf 76' lang='lat' dir='ltr'>om,</span> <span class='ocrx_word' id='word_1_209' title='bbox 622 1664 648 1693; x_wconf 90' lang='lat' dir='ltr'>B</span> <span class='ocrx_word' id='word_1_210' title='bbox 731 1668 749 1693; x_wconf 75' lang='lat'><strong>3</strong></span> <span class='ocrx_word' id='word_1_211' title='bbox 775 1672 886 1704; x_wconf 87' lang='lat' dir='ltr'>quam</span> <span class='ocrx_word' id='word_1_212' title='bbox 913 1661 995 1704; x_wconf 87' lang='lat' dir='ltr'>ped.</span> <span class='ocrx_word' id='word_1_213' title='bbox 1018 1661 1099 1707; x_wconf 84' lang='lat' dir='ltr'>XII]</span> <span class='ocrx_word' id='word_1_214' title='bbox 1127 1673 1148 1695; x_wconf 87' lang='lat' dir='ltr'>a</span> <span class='ocrx_word' id='word_1_215' title='bbox 1173 1662 1239 1695; x_wconf 83' lang='lat' dir='ltr'>XII</span> <span class='ocrx_word' id='word_1_216' title='bbox 1266 1662 1424 1706; x_wconf 81' lang='lat' dir='ltr'>pedibus</span> <span class='ocrx_word' id='word_1_217' title='bbox 1449 1666 1475 1695; x_wconf 87' lang='lat' dir='ltr'>P</span> 
     </span>
     <span class='ocr_line' id='line_1_29' title="bbox 183 1707 1532 1753; baseline 0.001 -12"><span class='ocrx_word' id='word_1_218' title='bbox 183 1715 200 1741; x_wconf 80' lang='lat'>4</span> <span class='ocrx_word' id='word_1_219' title='bbox 228 1709 269 1741; x_wconf 88' lang='lat' dir='ltr'>ut</span> <span class='ocrx_word' id='word_1_220' title='bbox 294 1707 333 1741; x_wconf 92' lang='lat' dir='ltr'>hi</span> <span class='ocrx_word' id='word_1_221' title='bbox 358 1709 400 1753; x_wconf 80' lang='lat' dir='ltr'>P]</span> <span class='ocrx_word' id='word_1_222' title='bbox 426 1708 487 1742; x_wconf 89' lang='lat' dir='ltr'>uel</span> <span class='ocrx_word' id='word_1_223' title='bbox 512 1708 566 1742; x_wconf 91' lang='lat' dir='ltr'>hii</span> <span class='ocrx_word' id='word_1_224' title='bbox 592 1711 671 1751; x_wconf 77' lang='lat' dir='ltr'>AB,</span> <span class='ocrx_word' id='word_1_225' title='bbox 703 1719 814 1751; x_wconf 80' lang='lat' dir='ltr'>quam</span> <span class='ocrx_word' id='word_1_226' title='bbox 841 1708 879 1741; x_wconf 91' lang='lat' dir='ltr'>hi</span> <span class='ocrx_word' id='word_1_227' title='bbox 906 1712 949 1749; x_wconf 80' lang='grc' dir='ltr'>Ε,</span> <span class='ocrx_word' id='word_1_228' title='bbox 979 1709 1084 1742; x_wconf 84' lang='lat' dir='ltr'>uelut</span> <span class='ocrx_word' id='word_1_229' title='bbox 1109 1709 1162 1742; x_wconf 89' lang='lat' dir='ltr'>hii</span> <span class='ocrx_word' id='word_1_230' title='bbox 1189 1710 1257 1743; x_wconf 86' lang='lat' dir='ltr'>La.</span> <span class='ocrx_word' id='word_1_231' title='bbox 1294 1711 1298 1753; x_wconf 98' lang='grc' dir='ltr'>Ι</span> <span class='ocrx_word' id='word_1_232' title='bbox 1332 1709 1532 1744; x_wconf 80' lang='lat' dir='ltr'>limitarem</span> 
     </span>
     <span class='ocr_line' id='line_1_30' title="bbox 184 1755 1533 1799; baseline 0.001 -11"><span class='ocrx_word' id='word_1_233' title='bbox 184 1755 259 1789; x_wconf 80' lang='lat' dir='ltr'>acti</span> <span class='ocrx_word' id='word_1_234' title='bbox 279 1758 352 1798; x_wconf 79' lang='lat' dir='ltr'>AB,</span> <span class='ocrx_word' id='word_1_235' title='bbox 379 1755 531 1789; x_wconf 87' lang='lat' dir='ltr'>limites.</span> <span class='ocrx_word' id='word_1_236' title='bbox 559 1758 682 1789; x_wconf 87' lang='lat' dir='ltr'>actum</span> <span class='ocrx_word' id='word_1_237' title='bbox 709 1759 736 1788; x_wconf 89' lang='lat' dir='ltr'>E</span> <span class='ocrx_word' id='word_1_238' title='bbox 808 1762 825 1788; x_wconf 79' lang='lat'>5</span> <span class='ocrx_word' id='word_1_239' title='bbox 851 1755 1072 1790; x_wconf 87' lang='lat' dir='ltr'>latitudines</span> <span class='ocrx_word' id='word_1_240' title='bbox 1098 1760 1133 1799; x_wconf 84' lang='grc' dir='ltr'>Ρ,</span> <span class='ocrx_word' id='word_1_241' title='bbox 1161 1756 1279 1790; x_wconf 82' lang='lat' dir='ltr'>latum</span> <span class='ocrx_word' id='word_1_242' title='bbox 1305 1761 1332 1790; x_wconf 88' lang='lat' dir='ltr'>E</span> <span class='ocrx_word' id='word_1_243' title='bbox 1400 1763 1486 1790; x_wconf 81' lang='grc'>5-6</span> <span class='ocrx_word' id='word_1_244' title='bbox 1512 1768 1533 1790; x_wconf 90' lang='lat' dir='ltr'>a</span> 
     </span>
     <span class='ocr_line' id='line_1_31' title="bbox 183 1802 1485 1845; baseline 0.001 -9"><span class='ocrx_word' id='word_1_245' title='bbox 183 1802 409 1845; x_wconf 85' lang='lat' dir='ltr'>quibusdam</span> <span class='ocrx_word' id='word_1_246' title='bbox 436 1807 552 1845; x_wconf 81' lang='lat' dir='ltr'>om.P‚</span> <span class='ocrx_word' id='word_1_247' title='bbox 581 1814 602 1837; x_wconf 79' lang='lat' dir='ltr'>a</span> <span class='ocrx_word' id='word_1_248' title='bbox 627 1815 691 1837; x_wconf 82' lang='lat' dir='ltr'>om.</span> <span class='ocrx_word' id='word_1_249' title='bbox 709 1807 735 1835; x_wconf 83' lang='lat' dir='ltr'>E</span> <span class='ocrx_word' id='word_1_250' title='bbox 816 1810 834 1835; x_wconf 82' lang='grc'>6</span> <span class='ocrx_word' id='word_1_251' title='bbox 861 1803 1166 1838; x_wconf 84' lang='lat' dir='ltr'>determinandae</span> <span class='ocrx_word' id='word_1_252' title='bbox 1191 1807 1217 1836; x_wconf 86' lang='lat' dir='ltr'>E</span> <span class='ocrx_word' id='word_1_253' title='bbox 1242 1805 1245 1844; x_wconf 90' lang='grc' dir='ltr'>Ι</span> <span class='ocrx_word' id='word_1_254' title='bbox 1269 1815 1400 1837; x_wconf 77' lang='lat' dir='ltr'>causae</span> <span class='ocrx_word' id='word_1_255' title='bbox 1421 1807 1485 1837; x_wconf 86' lang='grc' dir='ltr'>ΑΕ</span> 
     </span>
     <span class='ocr_line' id='line_1_32' title="bbox 183 1849 1533 1895; baseline 0.001 -12"><span class='ocrx_word' id='word_1_256' title='bbox 183 1858 200 1882; x_wconf 66' lang='grc' dir='ltr'>ὅ</span> <span class='ocrx_word' id='word_1_257' title='bbox 226 1849 476 1894; x_wconf 81' lang='lat' dir='ltr'>legemamilia</span> <span class='ocrx_word' id='word_1_258' title='bbox 504 1853 549 1892; x_wconf 86' lang='lat' dir='ltr'>A,</span> <span class='ocrx_word' id='word_1_259' title='bbox 581 1850 701 1895; x_wconf 84' lang='lat' dir='ltr'>legem</span> <span class='ocrx_word' id='word_1_260' title='bbox 732 1849 898 1884; x_wconf 85' lang='lat' dir='ltr'>amiliam</span> <span class='ocrx_word' id='word_1_261' title='bbox 923 1854 959 1892; x_wconf 86' lang='lat' dir='ltr'>P,</span> <span class='ocrx_word' id='word_1_262' title='bbox 992 1850 1113 1895; x_wconf 83' lang='lat' dir='ltr'>legem</span> <span class='ocrx_word' id='word_1_263' title='bbox 1146 1850 1335 1884; x_wconf 86' lang='lat' dir='ltr'>aemiliam</span> <span class='ocrx_word' id='word_1_264' title='bbox 1361 1854 1387 1884; x_wconf 86' lang='lat' dir='ltr'><strong>E</strong></span> <span class='ocrx_word' id='word_1_265' title='bbox 1423 1853 1427 1895; x_wconf 92' lang='grc' dir='ltr'>Ι</span> <span class='ocrx_word' id='word_1_266' title='bbox 1461 1851 1533 1885; x_wconf 85' lang='lat' dir='ltr'>Ita-</span> 
     </span>
     <span class='ocr_line' id='line_1_33' title="bbox 182 1896 1532 1944; baseline 0.001 -14"><span class='ocrx_word' id='word_1_267' title='bbox 182 1896 271 1930; x_wconf 86' lang='lat' dir='ltr'>liam</span> <span class='ocrx_word' id='word_1_268' title='bbox 297 1900 356 1930; x_wconf 88' lang='lat' dir='ltr'>BP</span> <span class='ocrx_word' id='word_1_269' title='bbox 377 1900 424 1942; x_wconf 86' lang='lat' dir='ltr'>(m</span> <span class='ocrx_word' id='word_1_270' title='bbox 447 1898 619 1941; x_wconf 78' lang='lat' dir='ltr'>eras.P¹),</span> <span class='ocrx_word' id='word_1_271' title='bbox 647 1897 773 1931; x_wconf 75' lang='lat' dir='ltr'>Sicilia</span> <span class='ocrx_word' id='word_1_272' title='bbox 796 1898 843 1930; x_wconf 82' lang='lat' dir='ltr'>A⁴</span> <span class='ocrx_word' id='word_1_273' title='bbox 871 1900 875 1942; x_wconf 90' lang='grc' dir='ltr'>Ι</span> <span class='ocrx_word' id='word_1_274' title='bbox 905 1898 1017 1932; x_wconf 84' lang='lat' dir='ltr'>etiam</span> <span class='ocrx_word' id='word_1_275' title='bbox 1043 1898 1187 1944; x_wconf 68' lang='lat' dir='ltr'>scripsi]</span> <span class='ocrx_word' id='word_1_276' title='bbox 1215 1900 1252 1932; x_wconf 82' lang='lat' dir='ltr'>et</span> <span class='ocrx_word' id='word_1_277' title='bbox 1277 1898 1315 1931; x_wconf 90' lang='lat' dir='ltr'>in</span> <span class='ocrx_word' id='word_1_278' title='bbox 1335 1901 1408 1940; x_wconf 88' lang='lat' dir='ltr'>AB,</span> <span class='ocrx_word' id='word_1_279' title='bbox 1437 1900 1474 1932; x_wconf 86' lang='lat' dir='ltr'>et</span> <span class='ocrx_word' id='word_1_280' title='bbox 1493 1903 1532 1941; x_wconf 86' lang='lat' dir='ltr'>E,</span> 
     </span>
     <span class='ocr_line' id='line_1_34' title="bbox 182 1944 1484 1991; baseline 0.002 -14"><span class='ocrx_word' id='word_1_281' title='bbox 182 1956 247 1978; x_wconf 81' lang='lat' dir='ltr'>om.</span> <span class='ocrx_word' id='word_1_282' title='bbox 263 1946 366 1978; x_wconf 75' lang='lat' dir='ltr'>PLa.</span> <span class='ocrx_word' id='word_1_283' title='bbox 390 1947 440 1987; x_wconf 75' lang='lat' dir='ltr'>(it.</span> <span class='ocrx_word' id='word_1_284' title='bbox 456 1946 627 1980; x_wconf 68' lang='lat' dir='ltr'>Frontin.</span> <span class='ocrx_word' id='word_1_285' title='bbox 643 1948 700 1987; x_wconf 61' lang='grc'>12,</span> <span class='ocrx_word' id='word_1_286' title='bbox 717 1948 753 1987; x_wconf 77' lang='lat' dir='ltr'>l)</span> <span class='ocrx_word' id='word_1_287' title='bbox 778 1945 782 1990; x_wconf 93' lang='grc' dir='ltr'>Ι</span> <span class='ocrx_word' id='word_1_288' title='bbox 805 1944 929 1979; x_wconf 86' lang='lat' dir='ltr'>itineri</span> <span class='ocrx_word' id='word_1_289' title='bbox 949 1945 1116 1991; x_wconf 58' lang='lat' dir='ltr'>publico]</span> <span class='ocrx_word' id='word_1_290' title='bbox 1144 1945 1288 1979; x_wconf 83' lang='lat' dir='ltr'>itineris</span> <span class='ocrx_word' id='word_1_291' title='bbox 1311 1945 1375 1979; x_wconf 87' lang='lat' dir='ltr'>ubi</span> <span class='ocrx_word' id='word_1_292' title='bbox 1397 1956 1438 1980; x_wconf 89' lang='lat' dir='ltr'>eo</span> <span class='ocrx_word' id='word_1_293' title='bbox 1459 1949 1484 1979; x_wconf 89' lang='lat' dir='ltr'>B</span> 
     </span>
     <span class='ocr_line' id='line_1_35' title="bbox 181 1991 1531 2037; baseline 0.001 -13"><span class='ocrx_word' id='word_1_294' title='bbox 181 1998 217 2024; x_wconf 86' lang='lat'>10</span> <span class='ocrx_word' id='word_1_295' title='bbox 244 2004 265 2037; x_wconf 57' lang='grc' dir='ltr'>Ι)</span> <span class='ocrx_word' id='word_1_296' title='bbox 288 1991 387 2025; x_wconf 89' lang='lat' dir='ltr'>VIIlI</span> <span class='ocrx_word' id='word_1_297' title='bbox 419 1996 446 2025; x_wconf 87' lang='grc' dir='ltr'>Ε</span> <span class='ocrx_word' id='word_1_298' title='bbox 482 1994 486 2037; x_wconf 93' lang='grc' dir='ltr'>Ι</span> <span class='ocrx_word' id='word_1_299' title='bbox 521 1993 586 2026; x_wconf 88' lang='lat' dir='ltr'>hos</span> <span class='ocrx_word' id='word_1_300' title='bbox 617 1992 826 2027; x_wconf 84' lang='lat' dir='ltr'>conditores</span> <span class='ocrx_word' id='word_1_301' title='bbox 860 1992 1087 2027; x_wconf 84' lang='lat' dir='ltr'>coloniarum</span> <span class='ocrx_word' id='word_1_302' title='bbox 1121 2004 1185 2027; x_wconf 84' lang='lat' dir='ltr'>om.</span> <span class='ocrx_word' id='word_1_303' title='bbox 1207 1996 1232 2025; x_wconf 92' lang='lat' dir='ltr'>B</span> <span class='ocrx_word' id='word_1_304' title='bbox 1268 1993 1272 2037; x_wconf 94' lang='grc' dir='ltr'>Ι</span> <span class='ocrx_word' id='word_1_305' title='bbox 1307 1993 1531 2027; x_wconf 82' lang='lat' dir='ltr'>conditiores</span> 
     </span>
    </p>
   </div>
   <div class='ocr_carea' id='block_1_9' title="bbox 181 2039 1531 2180">
    <p class='ocr_par' dir='ltr' id='par_1_9' title="bbox 181 2039 1531 2180">
     <span class='ocr_line' id='line_1_36' title="bbox 181 2039 1531 2084; baseline 0.002 -13"><span class='ocrx_word' id='word_1_306' title='bbox 181 2042 210 2071; x_wconf 88' lang='lat' dir='ltr'>A</span> <span class='ocrx_word' id='word_1_307' title='bbox 313 2046 431 2072; x_wconf 80' lang='lat'>10—11</span> <span class='ocrx_word' id='word_1_308' title='bbox 465 2040 686 2084; x_wconf 76' lang='lat' dir='ltr'>exportandi</span> <span class='ocrx_word' id='word_1_309' title='bbox 719 2039 859 2073; x_wconf 83' lang='lat' dir='ltr'>fructus</span> <span class='ocrx_word' id='word_1_310' title='bbox 892 2043 917 2072; x_wconf 88' lang='lat' dir='ltr'><strong>B</strong></span> <span class='ocrx_word' id='word_1_311' title='bbox 953 2042 956 2084; x_wconf 93' lang='grc' dir='ltr'>Ι</span> <span class='ocrx_word' id='word_1_312' title='bbox 992 2040 1208 2084; x_wconf 82' lang='lat' dir='ltr'>asportandi</span> <span class='ocrx_word' id='word_1_313' title='bbox 1240 2044 1276 2081; x_wconf 89' lang='grc' dir='ltr'>Ρ,</span> <span class='ocrx_word' id='word_1_314' title='bbox 1311 2040 1531 2084; x_wconf 82' lang='lat' dir='ltr'>exportandi</span> 
     </span>
     <span class='ocr_line' id='line_1_37' title="bbox 181 2087 1531 2130; baseline 0.003 -12"><span class='ocrx_word' id='word_1_315' title='bbox 181 2089 279 2118; x_wconf 87' lang='lat' dir='ltr'>ABE</span> <span class='ocrx_word' id='word_1_316' title='bbox 362 2094 397 2119; x_wconf 74' lang='lat'>12</span> <span class='ocrx_word' id='word_1_317' title='bbox 425 2087 572 2121; x_wconf 88' lang='lat' dir='ltr'>estimio</span> <span class='ocrx_word' id='word_1_318' title='bbox 599 2090 638 2130; x_wconf 73' lang='lat' dir='ltr'>A,</span> <span class='ocrx_word' id='word_1_319' title='bbox 667 2087 818 2125; x_wconf 81' lang='lat' dir='ltr'>extimio</span> <span class='ocrx_word' id='word_1_320' title='bbox 844 2090 869 2119; x_wconf 88' lang='lat' dir='ltr'><strong>B</strong></span> <span class='ocrx_word' id='word_1_321' title='bbox 952 2094 987 2121; x_wconf 81' lang='lat'>15</span> <span class='ocrx_word' id='word_1_322' title='bbox 1015 2087 1318 2122; x_wconf 82' lang='lat' dir='ltr'>consuetudinem</span> <span class='ocrx_word' id='word_1_323' title='bbox 1345 2091 1419 2130; x_wconf 84' lang='lat' dir='ltr'>AB,</span> <span class='ocrx_word' id='word_1_324' title='bbox 1447 2099 1531 2122; x_wconf 85' lang='lat' dir='ltr'>con-</span> 
     </span>
     <span class='ocr_line' id='line_1_38' title="bbox 182 2133 1531 2180; baseline 0.001 -14"><span class='ocrx_word' id='word_1_325' title='bbox 182 2133 416 2167; x_wconf 83' lang='lat' dir='ltr'>stitutionem</span> <span class='ocrx_word' id='word_1_326' title='bbox 442 2138 502 2167; x_wconf 87' lang='lat' dir='ltr'>PE</span> <span class='ocrx_word' id='word_1_327' title='bbox 600 2142 636 2167; x_wconf 83' lang='lat'>16</span> <span class='ocrx_word' id='word_1_328' title='bbox 662 2146 734 2169; x_wconf 91' lang='lat' dir='ltr'>non</span> <span class='ocrx_word' id='word_1_329' title='bbox 763 2134 880 2167; x_wconf 78' lang='lat' dir='ltr'>omnis</span> <span class='ocrx_word' id='word_1_330' title='bbox 906 2135 946 2180; x_wconf 83' lang='lat' dir='ltr'>P]</span> <span class='ocrx_word' id='word_1_331' title='bbox 974 2134 1091 2169; x_wconf 87' lang='lat' dir='ltr'>nostri</span> <span class='ocrx_word' id='word_1_332' title='bbox 1117 2145 1243 2168; x_wconf 87' lang='lat' dir='ltr'>omnes</span> <span class='ocrx_word' id='word_1_333' title='bbox 1270 2138 1368 2168; x_wconf 88' lang='lat' dir='ltr'>ABE</span> <span class='ocrx_word' id='word_1_334' title='bbox 1397 2136 1401 2180; x_wconf 90' lang='grc' dir='ltr'>Ι</span> <span class='ocrx_word' id='word_1_335' title='bbox 1429 2145 1531 2169; x_wconf 88' lang='lat' dir='ltr'>men-</span> 
     </span>
    </p>
   </div>
   <div class='ocr_carea' id='block_1_10' title="bbox 180 2182 1530 2368">
    <p class='ocr_par' dir='ltr' id='par_1_10' title="bbox 180 2182 1530 2368">
     <span class='ocr_line' id='line_1_39' title="bbox 181 2182 1529 2226; baseline 0.001 -13"><span class='ocrx_word' id='word_1_336' title='bbox 181 2191 304 2213; x_wconf 82' lang='lat' dir='ltr'>suram</span> <span class='ocrx_word' id='word_1_337' title='bbox 325 2184 423 2214; x_wconf 87' lang='lat' dir='ltr'>ABE</span> <span class='ocrx_word' id='word_1_338' title='bbox 447 2183 450 2224; x_wconf 89' lang='grc' dir='ltr'>Ι</span> <span class='ocrx_word' id='word_1_339' title='bbox 474 2182 511 2215; x_wconf 89' lang='lat' dir='ltr'>in</span> <span class='ocrx_word' id='word_1_340' title='bbox 539 2182 680 2215; x_wconf 77' lang='lat' dir='ltr'>oriente</span> <span class='ocrx_word' id='word_1_341' title='bbox 701 2185 764 2214; x_wconf 87' lang='grc' dir='ltr'>ΑΕ</span> <span class='ocrx_word' id='word_1_342' title='bbox 841 2189 875 2215; x_wconf 79' lang='lat'>17</span> <span class='ocrx_word' id='word_1_343' title='bbox 903 2182 940 2214; x_wconf 86' lang='lat' dir='ltr'>in</span> <span class='ocrx_word' id='word_1_344' title='bbox 968 2182 1159 2216; x_wconf 85' lang='lat' dir='ltr'>occidente</span> <span class='ocrx_word' id='word_1_345' title='bbox 1185 2185 1245 2215; x_wconf 89' lang='lat' dir='ltr'>BE</span> <span class='ocrx_word' id='word_1_346' title='bbox 1270 2183 1273 2225; x_wconf 91' lang='grc' dir='ltr'>Ι</span> <span class='ocrx_word' id='word_1_347' title='bbox 1297 2183 1469 2226; x_wconf 81' lang='lat' dir='ltr'>expectat</span> <span class='ocrx_word' id='word_1_348' title='bbox 1493 2186 1529 2223; x_wconf 86' lang='lat' dir='ltr'>P,</span> 
     </span>
     <span class='ocr_line' id='line_1_40' title="bbox 181 2229 1529 2275; baseline 0.001 -14"><span class='ocrx_word' id='word_1_349' title='bbox 181 2229 353 2270; x_wconf 80' lang='lat' dir='ltr'>spectant</span> <span class='ocrx_word' id='word_1_350' title='bbox 373 2230 492 2272; x_wconf 77' lang='lat' dir='ltr'>(exp-t</span> <span class='ocrx_word' id='word_1_351' title='bbox 511 2231 552 2271; x_wconf 84' lang='lat' dir='ltr'>E)</span> <span class='ocrx_word' id='word_1_352' title='bbox 573 2232 648 2270; x_wconf 80' lang='grc' dir='ltr'>ΑΕ,</span> <span class='ocrx_word' id='word_1_353' title='bbox 677 2229 862 2273; x_wconf 81' lang='lat' dir='ltr'>spectanti</span> <span class='ocrx_word' id='word_1_354' title='bbox 888 2231 914 2261; x_wconf 89' lang='lat' dir='ltr'>B</span> <span class='ocrx_word' id='word_1_355' title='bbox 938 2230 941 2272; x_wconf 92' lang='grc' dir='ltr'>Ι</span> <span class='ocrx_word' id='word_1_356' title='bbox 964 2229 1001 2262; x_wconf 85' lang='lat' dir='ltr'>in</span> <span class='ocrx_word' id='word_1_357' title='bbox 1029 2229 1169 2263; x_wconf 83' lang='lat' dir='ltr'>oriente</span> <span class='ocrx_word' id='word_1_358' title='bbox 1190 2232 1287 2262; x_wconf 85' lang='lat' dir='ltr'>ABE</span> <span class='ocrx_word' id='word_1_359' title='bbox 1364 2235 1400 2263; x_wconf 82' lang='lat'>18</span> <span class='ocrx_word' id='word_1_360' title='bbox 1426 2230 1529 2275; x_wconf 87' lang='lat' dir='ltr'>nam]</span> 
     </span>
     <span class='ocr_line' id='line_1_41' title="bbox 181 2276 1530 2320; baseline 0.002 -12"><span class='ocrx_word' id='word_1_361' title='bbox 181 2279 217 2308; x_wconf 85' lang='lat' dir='ltr'>et</span> <span class='ocrx_word' id='word_1_362' title='bbox 237 2276 320 2309; x_wconf 79' lang='lat' dir='ltr'>add.</span> <span class='ocrx_word' id='word_1_363' title='bbox 337 2278 362 2308; x_wconf 90' lang='lat' dir='ltr'>B</span> <span class='ocrx_word' id='word_1_364' title='bbox 387 2278 390 2319; x_wconf 92' lang='grc' dir='ltr'>Ι</span> <span class='ocrx_word' id='word_1_365' title='bbox 413 2276 450 2309; x_wconf 86' lang='grc'>111</span> <span class='ocrx_word' id='word_1_366' title='bbox 472 2276 663 2310; x_wconf 77' lang='lat' dir='ltr'>occidente</span> <span class='ocrx_word' id='word_1_367' title='bbox 684 2280 747 2309; x_wconf 84' lang='grc' dir='ltr'>ΑΕ</span> <span class='ocrx_word' id='word_1_368' title='bbox 821 2283 857 2310; x_wconf 82' lang='grc'>19</span> <span class='ocrx_word' id='word_1_369' title='bbox 878 2278 1074 2320; x_wconf 77' lang='lat' dir='ltr'>expectare</span> <span class='ocrx_word' id='word_1_370' title='bbox 1094 2279 1192 2310; x_wconf 85' lang='lat' dir='ltr'>recte</span> <span class='ocrx_word' id='word_1_371' title='bbox 1212 2280 1236 2309; x_wconf 93' lang='lat' dir='ltr'>P</span> <span class='ocrx_word' id='word_1_372' title='bbox 1310 2283 1348 2310; x_wconf 76' lang='lat'>20</span> <span class='ocrx_word' id='word_1_373' title='bbox 1368 2287 1411 2311; x_wconf 91' lang='lat' dir='ltr'>eo</span> <span class='ocrx_word' id='word_1_374' title='bbox 1429 2283 1530 2311; x_wconf 78' lang='lat' dir='ltr'>‘&#39;con-</span> 
     </span>
     <span class='ocr_line' id='line_1_42' title="bbox 180 2323 1527 2368; baseline 0.001 -13"><span class='ocrx_word' id='word_1_375' title='bbox 180 2324 323 2356; x_wconf 80' lang='lat' dir='ltr'>uertere</span> <span class='ocrx_word' id='word_1_376' title='bbox 349 2327 374 2355; x_wconf 91' lang='lat' dir='ltr'>P</span> <span class='ocrx_word' id='word_1_377' title='bbox 402 2332 452 2358; x_wconf 81' lang='lat' dir='ltr'>(u.</span> <span class='ocrx_word' id='word_1_378' title='bbox 471 2323 559 2358; x_wconf 69' lang='lat' dir='ltr'>‘Die</span> <span class='ocrx_word' id='word_1_379' title='bbox 581 2324 680 2358; x_wconf 81' lang='lat' dir='ltr'>Hss.’</span> <span class='ocrx_word' id='word_1_380' title='bbox 699 2327 762 2367; x_wconf 71' lang='lat'>62)</span> <span class='ocrx_word' id='word_1_381' title='bbox 793 2325 796 2368; x_wconf 94' lang='grc' dir='ltr'>Ι</span> <span class='ocrx_word' id='word_1_382' title='bbox 825 2325 961 2358; x_wconf 81' lang='lat' dir='ltr'>terram</span> <span class='ocrx_word' id='word_1_383' title='bbox 988 2327 1051 2356; x_wconf 86' lang='grc' dir='ltr'>ΑΕ</span> <span class='ocrx_word' id='word_1_384' title='bbox 1078 2328 1109 2359; x_wconf 68' lang='grc' dir='ltr'>εἰ</span> <span class='ocrx_word' id='word_1_385' title='bbox 1132 2335 1186 2367; x_wconf 78' lang='lat' dir='ltr'>pr.</span> <span class='ocrx_word' id='word_1_386' title='bbox 1208 2327 1233 2356; x_wconf 90' lang='lat' dir='ltr'>P</span> <span class='ocrx_word' id='word_1_387' title='bbox 1325 2330 1447 2357; x_wconf 68' lang='grc' dir='ltr'>’ΖΟ-21</span> <span class='ocrx_word' id='word_1_388' title='bbox 1474 2324 1527 2357; x_wconf 88' lang='lat' dir='ltr'>in-</span> 
     </span>
    </p>
   </div>
   <div class='ocr_carea' id='block_1_11' title="bbox 1584 438 1598 463">
    <p class='ocr_par' dir='ltr' id='par_1_11' title="bbox 1584 438 1598 463">
     <span class='ocr_line' id='line_1_43' title="bbox 1584 438 1598 463; baseline 0 0"><span class='ocrx_word' id='word_1_389' title='bbox 1584 438 1598 463; x_wconf 88' lang='lat'><strong>5</strong></span> 
     </span>
    </p>
   </div>
   <div class='ocr_carea' id='block_1_12' title="bbox 1565 734 1597 758">
    <p class='ocr_par' dir='ltr' id='par_1_12' title="bbox 1565 734 1597 758">
     <span class='ocr_line' id='line_1_44' title="bbox 1565 734 1597 758; baseline 0 0"><span class='ocrx_word' id='word_1_390' title='bbox 1565 734 1597 758; x_wconf 91' lang='lat'>10</span> 
     </span>
    </p>
   </div>
   <div class='ocr_carea' id='block_1_13' title="bbox 1564 1029 1595 1054">
    <p class='ocr_par' dir='ltr' id='par_1_13' title="bbox 1564 1029 1595 1054">
     <span class='ocr_line' id='line_1_45' title="bbox 1564 1029 1595 1054; baseline -0.032 0"><span class='ocrx_word' id='word_1_391' title='bbox 1564 1029 1595 1054; x_wconf 83' lang='lat'>15</span> 
     </span>
    </p>
   </div>
   <div class='ocr_carea' id='block_1_14' title="bbox 1562 1324 1648 1348">
    <p class='ocr_par' dir='ltr' id='par_1_14' title="bbox 1562 1324 1648 1348">
     <span class='ocr_line' id='line_1_46' title="bbox 1562 1324 1648 1348; baseline -0.012 0"><span class='ocrx_word' id='word_1_392' title='bbox 1562 1324 1595 1348; x_wconf 70' lang='grc'>20</span> <span class='ocrx_word' id='word_1_393' title='bbox 1647 1337 1648 1347; x_wconf 59' lang='grc' dir='ltr'>ι</span> 
     </span>
    </p>
   </div>
   <div class='ocr_carea' id='block_1_15' title="bbox 1640 0 1665 2545">
    <p class='ocr_par' dir='ltr' id='par_1_15' title="bbox 1640 0 1665 2545">
     <span class='ocr_line' id='line_1_47' title="bbox 1640 0 1665 2545; baseline 0 0"><span class='ocrx_word' id='word_1_394' title='bbox 1640 0 1665 2545; x_wconf 95' lang='lat' dir='ltr'> </span> 
     </span>
    </p>
   </div>
  </div>
 </body>
</html>
