1669 2545
90 1066 118 1101 P
131 1070 182 1100 32V

206 64 287 104 106
362 63 390 96 P
701 61 852 96 SICVLI
878 60 1046 96 FLACCI
1401 61 1546 95 La..142

203 171 448 227 regionibus
490 170 686 212 iubemur
723 170 903 211 uertices
945 169 1244 223 amphorarum
1287 169 1446 210 defixos
1489 169 1549 210 in-

202 245 347 272 uersos
376 230 600 271 obseruare
627 244 703 283 pro
731 229 936 270 terminis.

262 289 377 344 Ergo
417 288 730 342 conuenientia,
768 290 817 329 ut
855 302 982 341 supra
1020 288 1222 341 diximus,
1260 301 1550 341 possessorum

202 349 407 390 terminos
441 349 668 389 consecrat.
720 347 809 401 qui,
849 349 897 387 ut
929 349 1025 388 ante
1058 347 1316 397 dixeramus,
1355 345 1550 387 omnibus

203 408 371 463 angulis
398 407 599 461 coxisque
625 406 756 460 positi
781 421 871 447 esse
897 406 1062 447 debent.
1099 407 1143 447 in
1169 405 1422 459 quibusdam
1451 418 1550 446 uero

203 467 450 522 regionibus
483 481 607 520 saepe
639 481 714 520 per
745 466 921 520 longum
958 466 1140 519 spatium
1177 467 1218 505 et
1253 464 1364 505 inter
1395 464 1552 505 multos

204 540 468 581 possessores
496 526 658 581 rigores
685 525 887 578 dumique
907 525 1035 565 finem
1054 525 1228 577 faciunt,
1254 526 1301 564 ut
1324 523 1551 577 aliquando

204 587 372 627 tantum
398 584 524 627 modo
546 599 622 638 per
643 584 909 639 singulorum
930 598 1222 638 possessorum
1249 583 1398 637 spatia,
1425 582 1466 623 id
1490 585 1553 623 est

205 660 228 685 a
254 644 391 698 capite
418 658 553 698 usque
573 644 623 684 ad
645 646 784 698 caput,
810 643 940 698 positi
967 643 1244 684 inueniuntur
1264 642 1445 696 termini,
1471 642 1554 682 hoc

206 707 270 745 est
296 719 320 744 a
345 705 429 744 fine
461 703 693 757 incipiente
725 717 861 756 usque
887 702 939 743 ad
971 702 1098 743 finem
1126 702 1409 756 deficientem,
1441 700 1553 742 unde

206 763 380 804 alterius
398 763 678 816 possessionis
695 762 792 802 finis
810 762 987 816 incipiat
1004 761 1231 803 obseruari.
1263 760 1434 814 quidam
1452 774 1553 801 uero

206 823 250 864 in
274 822 425 862 mediis
453 821 601 875 spatiis
628 821 771 876 plures
797 821 1073 874 interpositos
1100 820 1270 861 habent.
1311 833 1491 873 quorum
1519 820 1555 860 si

207 882 434 935 quisquam
460 896 536 935 per
561 882 738 935 longum
766 880 951 934 spatium
978 882 1213 934 moueatur,
1242 879 1352 920 inter
1377 879 1555 934 longum

207 944 390 983 tractum
417 943 459 981 et
491 941 602 980 inter
634 940 775 993 plures
801 953 1068 994 possessores
1094 938 1211 994 rigor
1237 939 1387 979 durare
1414 938 1554 979 debet:

209 1000 280 1054 qui
308 999 343 1040 si
367 1014 456 1040 non
481 1001 557 1053 est,
583 1001 698 1040 totae
724 998 889 1053 regioni
912 1012 1099 1039 errorem
1121 997 1329 1051 quendam
1350 996 1556 1051 incuti[t]‚

209 1074 285 1100 nec
310 1058 348 1100 ei
373 1060 556 1111 tantum,
581 1059 691 1099 intra
719 1058 837 1099 cuius
867 1058 870 1109 Ι
900 1057 1006 1098 fines
1032 1057 1294 1110 <terminus>
1319 1059 1461 1098 motus
1481 1059 1556 1110 est,

209 1118 462 1159 calumniam
496 1118 607 1158 intro
641 1117 796 1171 duci[t]
831 1117 903 1158 sed
935 1117 1048 1157 ultro
1077 1117 1268 1170 citroque
1295 1114 1555 1169 confundiffl

210 1179 314 1219 fines
340 1191 511 1218 necesse
538 1179 611 1217 est.

268 1236 347 1278 Illa
372 1236 525 1290 omnia,
553 1250 658 1289 quae
685 1250 813 1290 supra
839 1234 1035 1288 diximus,
1062 1249 1168 1288 quae
1195 1234 1247 1274 ad
1272 1233 1476 1275 terminos
1501 1235 1557 1274 la-

210 1296 357 1351 pideos
389 1295 622 1350 pertinent,
661 1295 749 1336 siue
781 1295 903 1349 signa
938 1294 1107 1335 subdita
1142 1294 1429 1347 requirantur,
1468 1293 1591 1335 siue*
1651 1326 1652 1336 ,

210 1357 336 1396 notae
362 1358 436 1397 aut
460 1354 626 1396 litterae
653 1356 726 1395 aut
752 1353 936 1406 numeri,
966 1368 1092 1407 quam
1119 1352 1301 1394 maxime
1328 1352 1557 1393 secundum

211 1414 561 1456 consuetudinem
594 1414 816 1468 regionum
851 1412 994 1453 omnia
1028 1412 1231 1454 intuenda
1265 1414 1379 1453 sunt:
1416 1413 1559 1452 tamen

212 1478 255 1515 et
282 1473 565 1528 noui[li]tates
597 1472 676 1514 hae
705 1487 812 1526 quae
844 1487 972 1513 manu
1004 1472 1112 1513 fiunt
1143 1472 1270 1512 fidem
1301 1470 1458 1512 habere
1490 1471 1559 1512 de-

214 1534 325 1587 bent,
347 1532 589 1587 quo[nia]m
607 1532 870 1587 intellegitur
887 1546 934 1572 ea
954 1531 1164 1572 industria
1181 1531 1560 1584 conuenientiaque

213 1607 505 1647 possessorum
526 1591 627 1632 fieri.
662 1591 696 1632 si
717 1605 818 1632 uero
839 1590 925 1645 pali
950 1591 1083 1645 lignei
1106 1605 1181 1644 pro
1203 1590 1395 1630 terminis
1421 1588 1558 1643 dispo-

216 1652 286 1692 siti
320 1654 436 1705 sunt,
474 1654 547 1691 aut
585 1650 803 1705 congeries
836 1650 1029 1704 lapidum
1068 1649 1295 1690 aceruatim
1335 1651 1560 1703 congestae

215 1712 311 1764 sint,
338 1725 444 1765 quos
472 1710 716 1764 scorpiones
743 1711 972 1763 appellant,
997 1711 1070 1750 aut
1096 1710 1141 1749 in
1166 1708 1406 1763 effigie<m>
1426 1722 1561 1748 mace-

216 1771 386 1824 riarum,
414 1785 520 1824 quae
547 1770 705 1810 attinae
731 1770 1012 1823 appellantur,
1038 1770 1110 1809 aut
1136 1767 1314 1808 uertices
1340 1766 1561 1820 amphora-

216 1845 306 1871 rum
337 1829 482 1882 defixi,
513 1832 586 1870 aut
618 1831 762 1882 petrae
794 1828 1008 1868 naturales
1033 1829 1221 1880 notatae,
1254 1825 1422 1867 aliudue
1449 1826 1561 1879 quod

276 1978 293 2003 4
320 1971 406 2003 ante
429 1972 558 2012 103‚16
629 1976 700 2012 7341.
722 1968 862 2013 rigores
889 1967 1095 2012 Hygin.92‚
1111 1970 1201 2000 3-6
1275 1973 1398 2000 19—-25
1425 1965 1561 2010 Hygin.

218 2020 404 2059 94,9-*15

278 2131 292 2156 1
322 2124 478 2158 uertices
512 2122 771 2167 amphorarum
802 2133 926 2166 margo
952 2125 977 2154 P
1098 2127 1115 2154 5
1148 2119 1445 2154 floxuositatibus
1472 2118 1564 2154 dicit

220 2171 318 2205 coxis
344 2182 468 2216 margo
494 2174 519 2203 P
618 2177 632 2203 7
660 2171 701 2203 ut
726 2173 752 2202 P
777 2169 923 2214 (⁶wie’)]
951 2170 988 2202 et
1012 2168 1106 2210 falso
1127 2169 1196 2202 La.
1293 2174 1330 2200 18
1356 2168 1455 2202 fines.
1492 2166 1563 2201 Ne-

220 2229 319 2252 cesse
346 2219 401 2252 est
426 2218 491 2252 illa
518 2221 543 2250 P
640 2224 677 2250 23
703 2216 912 2250 nobilitatis
937 2219 980 2259 P,
1008 2216 1053 2258 cf.
1080 2218 1138 2257 94,
1154 2219 1198 2250 10
1231 2215 1235 2259 Ι
1270 2226 1380 2248 manu
1407 2215 1497 2248 fiunt
1521 2214 1563 2259 P]

220 2265 441 2300 manifestae
477 2267 562 2298 sunt
592 2266 733 2308 frustra
767 2265 858 2298 coni.
886 2264 955 2297 La.
965 2277 978 2306 ;
1008 2263 1052 2305 ef.
1089 2265 1173 2305 113,
1194 2265 1241 2296 32
1384 2269 1421 2295 24
1454 2272 1564 2306 quom

220 2313 351 2356 scripsi
445 2319 481 2346 27
511 2313 584 2346 sint
610 2324 676 2347 om.
698 2312 779 2353 La„
804 2311 864 2346 sed
889 2311 933 2353 cf.
963 2313 1081 2352 108‚4
1107 2309 1196 2354 (sint
1216 2313 1299 2354 post
1325 2311 1422 2353 sunt)
