1669 2545
95 552 171 588 B31

95 1095 172 1132 1332

74 1457 107 1492 A
122 1468 172 1494 176

92 1700 170 1736 1333

197 87 253 128 48
328 87 396 120 AB
690 85 874 121 AGENNI
894 85 1055 121 VRBICI
1179 87 1240 121 La.
1253 90 1308 130 87,
1324 91 1364 121 12
1378 106 1420 117 =
1435 91 1491 132 56,
1505 92 1546 123 12

200 196 384 250 primum
411 203 508 236 enim
539 196 775 249 quaeritur,
807 210 856 236 an
886 210 935 235 ea
959 194 1053 236 loca
1079 197 1166 236 ullo
1195 196 1320 238 modo
1347 211 1426 238 usu
1454 198 1548 252 capi

201 255 385 308 possint:
413 255 579 309 deinde,
607 257 814 309 quatenus
841 255 1026 308 possint,
1052 255 1282 296 secundum
1307 257 1450 297 locum
1477 256 1548 297 ha-

202 314 304 354 bent
330 329 563 355 mensurae.

258 372 469 414 Locorum
485 376 625 414 autem
642 386 857 413 sacrorum
870 372 1101 413 secundum
1111 374 1250 427 legem
1262 373 1412 428 populi
1425 373 1546 416 Rom.

199 429 354 486 magna
374 432 524 487 religio
546 435 589 472 et
609 432 802 473 custodia
822 431 967 475 haberi
988 431 1129 473 debet:
1150 432 1258 473 nihil
1280 433 1392 474 enim
1411 435 1546 488 magis

200 491 243 531 in
270 492 479 532 mandatis
506 491 633 532 etiam
660 491 791 546 legati
817 491 1135 544 prouinciarum
1163 492 1352 546 accipere
1374 492 1544 547 solent‚{

200 565 327 603 quam
360 553 408 590 ut
439 550 542 591 haec
575 550 668 591 loca
701 564 807 604 quae
840 564 957 591 sacra
988 552 1087 591 sunt
1117 551 1421 592 custodiantur.
1467 551 1547 593 hoc

198 609 365 650 facilius
393 610 437 650 in
461 610 697 663 prouinciis
730 612 938 651 seruatur:
972 610 1015 649 in
1040 608 1166 650 Italia
1193 612 1332 651 autem
1361 610 1547 652 densitas

198 683 491 722 possessorum
518 668 702 709 multum
729 669 906 722 inprobe
933 668 1053 719 facit,
1086 672 1127 709 et
1159 668 1277 710 lucos
1312 684 1453 711 sacros
1481 684 1547 712 oc-

200 731 370 781 cupant,
397 743 578 782 quorum
606 728 743 769 solum
771 728 1009 769 indubitate
1035 743 1073 781 p.
1101 727 1150 768 R.
1178 731 1260 781 est,
1287 729 1415 770 etiam
1442 730 1477 770 si
1503 730 1548 770 111

198 787 355 828 finibus
367 788 632 829 coloniarum
644 790 718 828 aut
729 786 1069 840 municipiorum.
1094 787 1143 827 de
1154 787 1221 828 his
1234 788 1341 829 solet
1354 789 1548 841 quaestio

200 861 285 887 non
313 847 466 901 exigua
492 847 655 887 moueri
682 847 791 887 inter
817 862 848 887 r.
869 861 909 899 p.
930 849 971 887 et
998 847 1201 900 priuatos.

260 910 342 952 Sed
359 915 401 952 et
421 912 532 953 inter
548 926 613 953 res
630 911 823 965 publicas
841 911 1085 964 frequenter
1102 911 1190 951 eius
1209 912 1324 953 modi
1340 912 1549 954 eontentio

200 972 385 1026 agitatur
412 971 461 1011 de
487 971 555 1011 his
575 971 693 1024 locis,
721 971 765 1011 in
792 970 945 1024 quibus
971 974 1205 1011 conuentus
1232 971 1341 1012 fiunt
1368 972 1546 1013 maiores

200 1033 241 1070 et
267 1030 440 1083 aliquod
468 1044 601 1085 genus
627 1029 852 1085 uectigalis
880 1030 1075 1084 exigitur.

257 1094 368 1136 Nam
395 1097 437 1135 et
463 1095 512 1136 de
539 1095 712 1136 aedibus
739 1095 886 1148 sacris,
916 1095 919 1147 Ι
951 1109 1056 1148 quae
1084 1094 1341 1136 constitutae
1372 1098 1471 1136 sunt
1502 1096 1547 1137 in

199 1154 325 1209 agriS,
351 1163 497 1195 mutata
516 1162 665 1195 tantum
685 1172 843 1205 persona
867 1154 1024 1195 Similes
1050 1163 1175 1195 tamen
1202 1154 1398 1195 oriuntur
1425 1169 1548 1209 quae-

199 1214 375 1267 stiones3
393 1214 503 1255 sicut
518 1214 561 1254 in
576 1213 722 1254 Africa
736 1214 846 1253 inter
861 1213 1198 1255 Adrumentinos
1213 1216 1254 1254 et
1268 1213 1546 1267 Tysdritanos

199 1274 248 1314 de
275 1273 376 1314 aede
401 1272 630 1323 Mineruae,
659 1273 708 1313 de
736 1287 818 1326 qua
844 1272 927 1313 iam
955 1272 1101 1313 multis
1129 1272 1249 1313 annis
1276 1273 1459 1328 litigant.

259 1337 367 1379 Sunt
390 1341 432 1377 et
456 1339 550 1379 loca
576 1352 704 1390 sacra,
729 1352 836 1392 quae
857 1353 900 1378 re
922 1352 1021 1378 uera
1044 1338 1225 1391 priuatis
1246 1338 1402 1379 finibus
1422 1338 1483 1379 rei
1506 1353 1546 1392 p.

200 1397 395 1451 0οκ011>1
417 1397 582 1439 debent.
610 1397 713 1438 haec
734 1398 984 1450 plerumque
1005 1396 1248 1438 interuentu
1266 1398 1421 1452 longae
1441 1397 1547 1438 obli-

198 1457 338 1497 uionis
366 1471 465 1498 casu
491 1473 513 1498 a
539 1456 720 1511 priuatis
748 1457 1006 1509 optinentur,
1036 1454 1040 1511 Ι
1071 1470 1327 1510 quamquam
1357 1456 1401 1497 in
1427 1456 1547 1497 tabu-

198 1516 314 1556 lariis
341 1516 502 1556 formae
528 1530 670 1558 eorum
700 1516 909 1569 plurimae
936 1518 1091 1556 extent.
1135 1515 1238 1556 haec
1264 1515 1447 1556 maxime
1475 1518 1548 1557 aut

197 1575 241 1615 in
275 1576 369 1616 loco
406 1575 522 1616 urbis
558 1578 630 1616 aut
666 1574 920 1615 suburbanis
956 1575 1060 1615 locis
1093 1589 1116 1615 a
1146 1574 1326 1628 priuatis
1360 1575 1546 1616 detinen-

197 1640 277 1675 tur.
317 1633 405 1689 (fig
427 1633 515 1690 39.)

257 1698 326 1739 De
359 1714 485 1753 aqua
516 1699 693 1753 pluuia
728 1699 942 1740 arcenda
974 1699 1266 1740 controuersia
1297 1708 1353 1739 est
1387 1700 1392 1753 Ι
1426 1708 1545 1740 status

197 1756 384 1790 iniectiui:
411 1767 477 1800 per
503 1757 763 1801 quodcumque
790 1757 889 1790 enim
915 1755 1034 1790 solum
1060 1756 1211 1798 transit,
1240 1756 1286 1789 ad
1313 1756 1369 1790 ius
1397 1756 1545 1790 ordina-

198 1804 294 1837 rium
327 1804 446 1848 magis
479 1804 630 1848 respicit
664 1804 832 1838 condicio
860 1805 936 1837 eius
964 1814 1076 1846 quam
1103 1803 1149 1837 ad
1177 1814 1381 1845 mensuras3
1415 1803 1487 1836 nisi
1516 1804 1545 1837 si

257 1929 294 1955 26
320 1922 485 1956 Frontin.
507 1926 538 1965 9,
555 1927 595 1955 21

257 2047 274 2072 2
288 2041 406 2084 possit
419 2044 444 2074 B
462 2043 465 2085 Ι
482 2042 627 2084 possint
641 2044 715 2082 AB,
729 2041 886 2085 possunt
896 2041 966 2074 La.
1017 2040 1151 2074 9100113
1164 2043 1329 2074 sacrusA
1378 2046 1471 2072 9—10
1486 2050 1545 2074 00-

198 2090 311 2131 cupat
338 2088 405 2121 La.
493 2095 528 2121 13
555 2089 744 2123 contentio
771 2088 949 2132 Ruclorff]
979 2087 1163 2122 sententia
1190 2090 1251 2120 AB
1336 2094 1372 2120 14
1399 2086 1545 2131 agitan-

196 2136 257 2168 tur
282 2137 307 2167 B
402 2143 438 2169 16
464 2146 550 2169 nam
577 2147 642 2170 om.
664 2139 689 2168 B
719 2138 722 2179 Ι
752 2135 910 2169 hedibus
937 2138 979 2176 Β,
1012 2135 1178 2169 hedebus
1204 2138 1232 2167 A
1328 2141 1364 2168 18
1392 2134 1544 2168 adsdru-

196 2193 303 2216 m-os
330 2185 358 2214 A
386 2184 390 2227 Ι
419 2183 659 2226 tysdrytanos
685 2186 731 2226 A,
757 2183 986 2226 tisdytranos
1012 2185 1037 2214 B
1135 2188 1257 2215 20—21
1283 2182 1337 2215 rei
1362 2193 1397 2225 p.
1424 2181 1546 2215 coloni

196 2230 284 2274 La]
312 2234 367 2273 pr.
390 2230 461 2264 coli
487 2233 549 2263 AB
630 2237 664 2263 21
691 2230 902 2264 interuento
929 2232 991 2262 AB
1074 2236 1110 2262 :22
1137 2240 1225 2264 casu
1251 2229 1338 2274 La]
1366 2239 1479 2263 causa
1505 2231 1544 2270 A,

196 2299 262 2323 om.
285 2291 310 2321 B
399 2296 437 2322 23
464 2300 590 2324 earum
617 2292 678 2322 AB
764 2296 802 2322 26
828 2288 957 2333 publia
983 2291 1008 2321 B
1044 2291 1048 2331 Ι
1082 2280 1166 2322 Rffi.
1189 2290 1312 2331 (eras.)
1336 2286 1545 2321 CONTRO-

197 2335 372 2370 VERSIA
399 2339 424 2369 B
507 2344 542 2370 27
571 2337 706 2370 transit
731 2340 773 2379 Β,
803 2336 1002 2370 transitum
1029 2339 1057 2368 A
1139 2342 1177 2369 28
1203 2335 1356 2379 respicit
1381 2346 1446 2369 om.
1469 2337 1497 2367 A

1573 747 1607 773 10

1573 1044 1606 1070 15
1665 1044 1667 1069 ’1

1572 1342 1667 1382 20’

1571 1651 1604 1677 25
