1669 2545
88 1250 110 1281 Ι)

124 1255 172 1282 »ΗΓ

201 70 283 111 128
358 69 386 103 Ρ
700 70 1041 106 sioVLirLAooi
1140 74 1545 119 La.163,13—164‚15

197 194 303 233 quae
324 179 655 221 subseciuorum.
696 180 744 220 de
767 181 921 233 quibus
941 180 1213 223 Domitianus
1235 184 1362 224 finem
1383 186 1544 240 statuit,

197 239 239 279 id
265 240 330 279 est
355 240 672 294 possessoribus
700 254 746 280 ea
774 241 992 282 concessit.

257 297 588 340 Subseciuorum
612 299 794 340 diximus
816 299 923 340 hanc
949 300 1238 342 condicionem
1267 316 1357 343 esse
1377 303 1544 357 factam,

198 358 311 411 quod
344 358 476 399 siluae
509 360 550 398 et
581 359 675 399 loca
707 373 856 412 aspera
882 359 924 400 in
951 360 1283 415 assignationem
1310 376 1397 403 non
1423 377 1544 404 uene-

196 419 307 458 runt.
341 418 625 471 comperimus
642 432 744 459 uero
764 418 805 459 in
828 418 1042 472 aliquibus
1064 419 1312 474 regionibus
1330 423 1372 462 et
1388 436 1544 475 pascua

197 480 239 516 et
272 476 402 518 siluas
435 478 671 532 assignatas
704 492 812 531 esse,
845 478 1191 532 adscriptumque
1225 479 1268 519 in
1299 479 1447 522 formis
1474 481 1544 535 ita,

197 539 289 573 ILLI
321 539 398 585 [ET
427 540 534 574 ILLE
565 540 673 586 TOTJ
707 541 871 576 SILVAS
903 541 964 575 ET
996 542 1197 584 PASCVA,
1230 542 1413 577 IVGERA
1439 543 1543 579 TOT.

258 594 494 637 'Perritoria
524 596 633 636 inter
665 597 876 650 ciuitates,
916 598 959 638 id
995 600 1059 638 est
1093 598 1203 639 inter
1239 599 1468 653 municipia
1503 603 1545 641 et

198 655 386 696 colonias
416 658 458 696 et
490 656 794 710 praefecturas,
827 657 908 697 alia
936 657 1180 698 fluminibus
1206 658 1429 712 finiuntur,
1463 659 1544 700 alia

199 715 375 755 summis
397 715 607 756 montium
630 715 740 771 iugis
762 731 810 757 ac
837 716 1038 771 diuergiis
1065 731 1282 770 aquarum,
1309 718 1390 758 alia
1416 718 1542 759 etiam

197 773 409 828 lapidibus
436 774 589 828 positis
615 775 928 830 praesignibus,
961 776 1034 828 qui
1060 791 1083 815 a
1109 776 1372 828 priuatorum
1403 778 1542 818 termi—

198 848 350 874 norum
371 833 508 875 forma
529 834 744 888 differunt3
769 835 913 888 alialde}
936 835 1062 874 etiam
1083 836 1194 876 inter
1213 835 1334 875 binas
1356 836 1543 878 colonias

197 892 406 934 limitibus
437 894 653 946 perpetuis
681 893 933 948 diriguntur.
980 893 1029 933 de
1056 894 1227 947 quibus,
1259 894 1301 934 id
1329 898 1391 936 est
1423 896 1543 936 terri-

197 952 337 1004 toriis,
370 952 404 992 si
438 952 606 1006 quando
641 954 832 1006 quaestio
865 955 1080 1007 mouetur,
1111 953 1397 1007 respiciuntur
1427 956 1543 1010 leges

198 1011 501 1065 ciui<tati>bus
523 1012 656 1065 datae,
676 1012 718 1052 id
740 1015 802 1053 est
823 1012 1001 1052 coloniis
1024 1011 1350 1066 municipiisque
1368 1016 1408 1054 et
1428 1028 1543 1068 prae-

197 1071 382 1112 fecturis,
421 1085 519 1112 nam
548 1071 788 1112 inuenimus
821 1086 943 1125 saepe
970 1071 1013 1112 in
1040 1071 1222 1125 publicis
1249 1071 1542 1114 instrumentis

198 1130 489 1185 significanter
515 1130 726 1184 descripta
751 1131 984 1172 territoria:
1012 1131 1231 1172 uocabulis
1252 1132 1363 1172 enim
1384 1132 1543 1185 aliquo—

198 1204 290 1230 rum
318 1191 510 1231 locorum
538 1190 854 1244 comprehensis
886 1189 1098 1244 incipiunt
1131 1190 1289 1231 ambire
1319 1191 1542 1232 territoria.

258 1248 368 1290 Illud
389 1264 489 1290 uero
512 1250 625 1303 quod
653 1252 658 1299 l
688 1252 951 1303 compertum
979 1252 1054 1304 est,
1080 1249 1274 1304 pluribus
1302 1249 1543 1304 municipiis

200 1309 259 1349 ita
289 1309 395 1350 fines
429 1309 568 1363 datos,
601 1312 647 1350 ut
674 1324 769 1350 cum
796 1309 909 1363 pulsi
936 1312 1076 1350 essent
1101 1308 1269 1363 populi,
1302 1312 1343 1350 et
1369 1309 1543 1351 deduce-

199 1371 344 1408 rentur
377 1368 604 1422 coloniljae]
642 1368 686 1410 in
718 1384 845 1409 unam
877 1368 1065 1422 aliquam
1101 1368 1277 1409 electam
1314 1368 1543 1422 ciuitatem,

200 1427 357 1481 multis,
383 1430 578 1481 utsupra
599 1431 639 1468 et
666 1442 789 1482 saepe
811 1428 1248 1479 commemorauimus,
1276 1430 1419 1482 erepta
1445 1431 1544 1468 sunt

199 1487 424 1540 territoria,
451 1490 492 1528 et
512 1487 637 1528 diuisi
663 1490 761 1528 sunt
782 1487 1066 1541 complurium
1088 1486 1418 1541 municipiorum
1439 1487 1543 1541 agri,

200 1550 240 1586 et
269 1560 352 1587 una
380 1546 635 1587 limitatione
662 1547 966 1601 comprehensa
997 1549 1112 1588 sunt:
1146 1547 1257 1587 facta
1289 1549 1352 1586 est
1382 1546 1544 1600 pertica

1572 734 1603 757 10

1573 1028 1602 1053 15

1570 1324 1647 1348 ‘20¹

199 1606 354 1660 omnis,
391 1606 435 1646 id
467 1608 530 1647 est
564 1607 752 1647 omnium
786 1606 1117 1660 territoriorum,
1156 1605 1347 1646 coloniae
1378 1605 1468 1646 eius
1500 1606 1542 1646 in
1571 1620 1602 1643 :5

200 1680 306 1719 quae
333 1665 537 1719 colonilsa]
567 1665 734 1707 deducti
761 1669 870 1707 sunt.
909 1680 1009 1720 ergo
1036 1666 1085 1706 fit
1111 1667 1159 1705 ut
1184 1666 1306 1719 plura
1331 1664 1544 1706 territoria

199 1725 375 1765 confusa
409 1740 536 1766 unam
572 1724 722 1765 faciem
759 1726 1030 1766 limitationis
1064 1725 1284 1778 accipiant.
1332 1724 1542 1777 aliquibus

201 1798 300 1825 uero
334 1787 525 1825 auctores
553 1784 776 1825 diuisionis
802 1785 1066 1838 reliquerunt
1092 1783 1253 1837 aliquid
1279 1783 1387 1837 agri,
1415 1783 1458 1824 id
1485 1787 1544 1824 est

200 1843 353 1896 quibus
381 1843 666 1898 abstulerunt,
697 1846 904 1897 quatenus
931 1843 1135 1884 haberent
1161 1843 1264 1883 iuris
1297 1842 1543 1883 dictionem:

200 1903 364 1956 aliquos
391 1904 502 1943 intra
527 1917 670 1944 muros
698 1903 991 1944 cohibuerunt.
1038 1904 1198 1956 itaque,
1230 1904 1278 1942 ut
1305 1901 1545 1954 frequenter

200 1963 283 2003 iam
316 1962 444 2003 nimis
477 1962 680 2015 diximus,
712 1962 828 2018 leges
861 1963 982 2003 (latae
1010 1961 1189 2003 coloniis
1216 1960 1543 2014 municipiisque

259 2086 340 2112 1—2
368 2079 502 2123 Hygia.
526 2083 615 2120 97,4
706 2086 810 2112 9—16
838 2080 918 2113 ihm.
941 2082 996 2121 97,
1015 2082 1150 2112 15-1s
1237 2084 1357 2110 16-1s
1385 2079 1464 2111 slim.
1490 2080 1543 2119 74,

200 2131 314 2161 4—19
413 2134 539 2160 27-—30
565 2127 645 2161 ibm.
668 2130 889 2170 Sam—83,
905 2131 924 2159 (3

260 2241 273 2266 7
295 2235 372 2268 secl.
387 2235 468 2275 La„
484 2238 565 2277 post
586 2232 767 2267 IVGERA
782 2233 1010 2277 TOTposnit
1024 2233 1188 2275 leorff
1241 2239 1276 2265 19
1297 2233 1340 2276 cf.
1359 2234 1497 2273 12:3‚18

199 2288 237 2314 :20
258 2282 324 2327 [et]
345 2282 415 2315 La.
484 2288 518 2314 27
542 2280 744 2325 aliquibus]
766 2280 968 2325 aliquando
985 2281 1085 2314 Goes.
1154 2286 1191 2313 *28
1215 2279 1307 2324 agri,
1327 2278 1366 2312 id
1387 2280 1442 2312 est
1462 2279 1544 2319 La.5

199 2331 242 2373 ef.
267 2329 400 2374 12033]
428 2329 525 2372 agris
553 2329 604 2362 eis
632 2332 656 2361 P
730 2335 763 2361 31
792 2328 863 2362 iam
891 2327 1016 2373 nimis]
1044 2327 1252 2361 inuenimus
1280 2331 1315 2369 P,
1342 2326 1451 2360 nimis
1472 2326 1541 2362 La.

1570 1915 1602 1939 30
