1669 2545
68 290 97 324 P
111 295 162 323 siv

86 419 162 455 1348

65 540 96 573 A
112 549 164 573 134

71 717 100 751 B
114 726 163 751 251

75 1014 103 1047 P
118 1018 166 1047 95r

75 1251 103 1284 B
116 1260 166 1285 252

70 1370 101 1402 A
117 1378 167 1404 135

192 60 273 100 152
348 59 490 93 ABEP
628 59 1093 94 HYGINIGROMATICI
1157 61 1534 104 La.188,12—189,15

187 182 282 209 nam
318 171 359 208 et
387 166 584 222 Aegypto
617 168 755 209 medio
790 168 857 209 die
883 169 1034 209 umbra
1065 169 1338 210 consumitur.
1378 183 1429 210 ex
1453 169 1536 212 hoc

188 226 345 267 ibidem
390 227 570 267 mediam
618 229 754 268 terrae
798 230 960 281 partem
1007 242 1095 268 esse
1141 227 1536 282 conprehendimus.

190 285 279 341 (fig.
304 284 418 341 101.)

224 355 468 410 'Optimum
496 359 560 397 est
592 371 693 411 ergo
722 357 915 397 umbram
946 357 1053 398 hora
1080 360 1199 398 sexta
1225 357 1537 411 deprehendere

190 418 230 456 et
251 416 301 456 ab
325 430 372 455 ea
391 415 550 456 limites
576 415 786 468 inchoare,
813 418 860 456 ut
881 417 966 457 sint
993 431 1157 471 semper
1185 416 1189 472 1
1219 416 1451 458 meridiano
1473 431 1536 458 01·-

190 474 340 515 dinati:
368 475 561 528 sequitur
583 475 730 516 deinde
753 479 799 516 ut
825 478 866 516 et
893 476 1067 516 orientis
1089 476 1403 530 occidentisque
1426 477 1539 517 linea

188 534 290 575 huic
315 534 578 582 normaliter
597 534 834 575 conueniat.
869 536 1052 588 primum
1075 535 1306 576 scribemus
1333 535 1538 577 circulum

190 593 234 634 in
259 594 353 634 loco
375 593 502 646 plano
530 592 573 633 in
599 596 724 647 terra,
751 597 792 635 et
817 593 862 634 in
887 597 1046 647 puncto
1074 595 1163 634 eius
1185 594 1444 636 sciotherum
1465 609 1539 649 po-

190 667 352 704 nemus,
379 653 498 693 cuius
524 653 674 693 umbra
701 655 742 694 et
768 653 879 693 intra
906 654 1109 694 circulum
1138 653 1364 707 aliquando
1392 653 1538 695 intret:

192 712 346 753 certius
377 712 380 765 fl
411 714 474 753 est
501 712 613 752 enim
641 726 767 765 quam
797 713 971 753 orientis
1000 715 1041 753 et
1061 713 1290 753 occidentis
1311 713 1540 766 deprehen-

191 771 299 811 dere.
345 770 621 811 adtendemus
648 786 772 824 quem
802 771 853 811 ad
879 771 1052 811 modum
1080 787 1103 812 a
1129 772 1267 825 primo
1304 772 1407 813 solis
1443 774 1539 813 ortu

191 831 343 871 umbra
374 830 633 870 cohibeatur.
679 830 828 871 deinde
861 845 954 871 cum
990 831 1040 870 ad
1077 831 1223 871 circuli
1258 831 1412 872 lineam
1448 846 1540 885 per-

191 890 368 942 uenerit,
388 889 633 930 notabimus
654 903 749 930 eum
772 889 1136 930 circumferentiae
1154 890 1306 931 locum.
1345 890 1541 931 similiter

192 951 415 989 exeuntem
437 948 631 988 umbram
653 963 674 989 e
695 949 852 989 circulo
875 948 1162 1002 adtendemus,
1186 952 1227 990 et
1248 949 1541 991 circumferen-

191 1008 295 1048 tiam
321 1007 576 1048 notabimus.
617 1006 707 1062 (fig
730 1007 846 1063 102.)
876 1008 880 1061 Ι
909 1009 1068 1048 notatis
1089 1022 1188 1062 ergo
1211 1008 1373 1049 duabus
1393 1008 1540 1049 circuli

193 1067 383 1121 partibus
417 1067 617 1107 intrantis
650 1067 824 1107 umbrae
857 1070 899 1107 et
933 1067 1126 1107 exeuntis
1160 1067 1270 1119 1000,
1303 1070 1460 1108 rectam
1492 1068 1541 1108 li-

191 1141 314 1167 neam
348 1141 371 1166 a
404 1126 526 1180 signo
560 1125 612 1165 ad
647 1127 817 1180 signum
852 1126 1215 1167 circumferentiae
1248 1126 1466 1180 ducemus,
1500 1129 1542 1167 et

193 1185 375 1226 mediam
410 1185 667 1226 notabimus.
707 1201 782 1239 per
814 1199 937 1238 quem
972 1185 1112 1226 locum
1147 1188 1262 1226 recta
1293 1186 1405 1227 linea
1430 1187 1542 1227 exire

194 1244 365 1285 debebit
392 1260 416 1285 a
447 1247 606 1298 puncto
640 1245 798 1286 circuli.
836 1259 913 1298 per
945 1259 1070 1298 quam
1105 1244 1259 1285 lineam
1289 1245 1294 1299 Ι
1321 1245 1541 1286 kardinem

193 1304 438 1359 dirigemus,
459 1306 500 1344 et
520 1303 571 1344 ab
588 1318 635 1343 ea
654 1304 904 1345 normaliter
923 1304 967 1344 in
986 1307 1148 1345 rectum
1168 1304 1409 1345 decimanos
1424 1305 1542 1345 emit-

194 1366 349 1404 temus:
383 1366 424 1403 et
451 1377 501 1403 ex
534 1376 799 1417 quacumque
829 1362 832 1418 Ι
862 1364 951 1404 eius
983 1363 1119 1403 lineae
1151 1366 1270 1417 parte
1295 1363 1544 1405 normaliter

194 1423 570 1474 inter-uerterimus,
579 1422 709 1463 decim
717 1437 843 1463 anum
859 1425 971 1463 recte
986 1423 1305 1464 constituemus.
1328 1422 1415 1478 (fig.
1428 1421 1542 1477 103.)

255 1546 374 1572 11—15
402 1539 425 1571 Z
449 1542 510 1572 79¹⁷

256 1651 270 1677 1
298 1646 533 1678 consumetur
553 1648 581 1678 A
655 1652 671 1678 2
697 1644 853 1690 ibidem]
880 1644 933 1678 ibi
959 1648 1022 1678 ΔΕ
1052 1647 1056 1688 1
1084 1648 1206 1679 terrae
1232 1647 1375 1689 partem
1396 1645 1449 1681 Ἰ.
1471 1648 1496 1678 Β

197 1699 213 1725 4
241 1692 372 1726 umbra
398 1695 435 1735 B,
461 1702 548 1726 u-ae
575 1695 603 1724 A
626 1692 630 1737 Ι
653 1692 765 1725 horae
793 1694 918 1726 sextae
944 1696 1005 1725 ΕΡ
1094 1699 1111 1725 5
1137 1692 1295 1726 limitem
1320 1697 1346 1726 P
1369 1694 1372 1737 Ι
1395 1693 1544 1727 incoare

198 1742 308 1779 ABE,
335 1749 421 1773 orae
447 1740 530 1773 add.
553 1742 581 1772 A
679 1746 697 1771 6
724 1739 858 1773 deinde
884 1751 949 1774 om.
971 1744 996 1772 P
1019 1742 1023 1783 1
1047 1741 1083 1773 et
1109 1740 1274 1785 orientis]
1304 1742 1341 1773 et
1366 1740 1450 1774 add.
1471 1742 1497 1773 B

201 1794 215 1819 ἵ
242 1787 403 1830 primum
430 1786 625 1820 scribimus
652 1789 760 1829 ABE,
789 1787 992 1821 scribemus
1018 1787 1177 1831 primum
1203 1791 1228 1820 P
1300 1794 1318 1820 8
1344 1787 1382 1821 in
1408 1789 1542 1822 terram

198 1834 280 1868 1000
306 1834 418 1878 plano
444 1838 470 1867 P
493 1836 496 1875 Ι
520 1834 715 1868 scioterum
737 1834 777 1879 P]
805 1834 1002 1868 scioterum
1030 1836 1067 1868 et
1091 1834 1224 1868 iterum
1246 1837 1285 1875 A,
1312 1834 1387 1868 scio
1410 1835 1545 1869 iterum

199 1885 238 1923 E,
265 1881 296 1915 si
322 1882 455 1915 iterum
483 1884 509 1914 B
601 1888 685 1914 8-9
712 1892 893 1925 ponamus
920 1885 1017 1914 ABE
1105 1889 1123 1914 9
1150 1881 1320 1915 umbram
1345 1882 1445 1916 iutra
1471 1885 1498 1915 E

198 1935 236 1962 10
263 1931 383 1963 certus
408 1933 434 1962 P
463 1931 466 1973 Ι
496 1930 533 1963 et
559 1941 624 1963 om.
646 1932 671 1961 B
768 1935 887 1962 10-11
913 1929 1238 1973 deprehenderunt
1262 1932 1325 1962 ΔΕ
1422 1936 1455 1962 11
1483 1929 1546 1963 ad-

199 1977 393 2010 tendemus
410 1980 446 2017 P,
469 1976 631 2010 a-dimus
652 1979 688 2012 B.
710 1976 896 2010 tendimus
911 1980 951 2018 A,
972 1976 1202 2010 ostendimus
1221 1980 1248 2009 E
1271 1978 1275 2021 1
1299 1987 1321 2010 a
1340 1979 1516 2011 om.ABE
1540 1987 1541 1993 ¹

200 2024 359 2068 primum
387 2026 448 2056 BE
471 2026 475 2067 Ι
499 2024 644 2057 hortum
671 2027 714 2066 B,
744 2025 864 2058 ortum
890 2028 916 2056 E
1015 2031 1049 2056 12
1077 2023 1279 2068 cogebatur
1303 2027 1329 2056 B
1352 2026 1357 2067 Ι
1380 2023 1466 2058 dein
1491 2027 1517 2057 P
1540 2027 1544 2068 1

202 2073 241 2105 at
267 2070 397 2105 circuli
421 2071 447 2115 (1
471 2082 514 2105 ecc
539 2072 614 2115 um)
641 2074 670 2104 A
766 2078 801 2104 14
828 2071 1063 2112 attendemus
1089 2075 1129 2113 A,
1155 2071 1391 2105 adtendimus
1416 2075 1455 2112 E,
1482 2071 1547 2104 ad-

200 2118 488 2163 praehendimus
514 2121 540 2151 B
637 2125 672 2151 15
699 2120 872 2152 notantes
902 2129 988 2163 ergo
1015 2118 1159 2152 duobus
1185 2121 1248 2151 AE
1344 2125 1382 2151 16
1405 2118 1547 2153 intran-

201 2168 256 2199 tes
282 2168 308 2198 Β
337 2168 340 2209 l
371 2165 527 2199 exientis
554 2168 598 2206 A,
633 2167 737 2199 e-tes
763 2168 789 2198 B
890 2172 923 2199 17
952 2177 973 2199 a
999 2166 1103 2210 signo
1131 2177 1196 2200 om.
1218 2168 1315 2198 ABE
1345 2170 1348 2207 Ι
1377 2165 1546 2200 ducimus

201 2216 263 2246 BE
366 2219 488 2245 17—18
518 2213 582 2246 sed
608 2213 732 2247 media
758 2216 856 2246 ABE
960 2220 995 2246 19
1023 2212 1134 2246 debet
1158 2217 1184 2246 P
1286 2219 1325 2246 20
1351 2212 1546 2258 dirigimus

202 2264 266 2293 AE
295 2261 299 2303 1
328 2259 553 2295 decumanos
582 2264 618 2302 P,
652 2260 865 2294 decimanus
891 2264 937 2303 A,
970 2260 1059 2293 d-m
1085 2263 1146 2293 BE
1261 2267 1384 2293 20—21
1410 2260 1548 2294 emitti-

203 2319 283 2341 mus
309 2310 371 2340 BE
469 2314 506 2340 22
531 2307 847 2341 interuerterimus
874 2307 960 2353 Lm]
988 2307 1297 2341 interuenerimus
1323 2310 1401 2349 AB,
1433 2307 1546 2342 inter-

1565 732 1599 757 10

1567 1027 1600 1052 15

1569 1323 1650 1348 20¹
