1669 2545
20 727 51 751 10

19 1009 52 1035 15

22 1305 54 1330 20

0 1607 54 1631 ,25

76 107 139 142 La.
149 110 429 150 88,21=57,22
480 106 543 140 DE
566 105 946 141 CONTROVERSIIS
967 105 1075 140 AGR.
1227 106 1293 138 AB
1368 105 1422 146 49

76 225 142 258 per
168 214 441 248 extremitatem
467 213 550 247 finis
576 213 709 247 uadat:
743 213 894 256 propter
920 212 1019 255 quod
1049 213 1188 246 statum
1214 211 1425 256 generalem

76 262 191 296 etiam
218 261 332 295 alium
360 261 538 295 accersire
565 259 676 294 debet
703 261 740 294 et
765 260 872 302 quasi
897 259 1151 303 geminatione
1174 258 1338 302 quadam
1364 259 1426 292 de—

75 309 190 350 fendi,
218 308 318 352 quod
338 310 375 342 et
395 319 460 352 per
478 308 588 341 finem
609 308 670 341 eat
697 308 733 341 et
759 308 808 340 sit
833 307 879 340 lis
907 307 952 340 de
972 306 1103 351 pluuia
1124 306 1294 340 arcenda.
1334 306 1425 339 haec

77 365 329 400 controuersia
349 371 423 411 per
442 358 638 412 regiones
659 357 844 409 uari<i>s
866 356 1091 411 generibus
1113 359 1341 408 exercetur,
1363 362 1426 395 sed

78 424 183 469 quasi
205 424 250 458 ad
271 424 426 457 eandem
446 423 599 467 respicit
619 416 943 468 condicione<m>.
979 415 1024 456 in
1043 414 1168 456 Italia
1189 423 1254 455 aut
1274 421 1425 465 quibus-

78 484 163 518 dam
182 483 385 527 prouinciis
406 489 491 516 non
510 476 664 530 exigua
682 478 744 515 est
764 475 931 527 iniuria,
953 475 988 514 si
1008 473 1050 514 in
1070 474 1254 515 alienum
1276 488 1425 529 agrum

78 550 230 590 aquam
257 535 466 589 inmittas;
496 535 540 574 in
565 532 800 589 prouinlcia
826 537 966 574 autem
995 532 1160 586 Africa,
1186 533 1221 573 si
1247 533 1428 574 transire
1455 537 1482 570 B
1498 547 1531 571 34

77 610 162 636 non
189 594 375 648 patiaris.

142 653 339 694 Eiusdem
368 652 372 709 fl
402 652 665 694 condicionis
691 654 755 693 est
781 652 1074 693 controuersia
1101 651 1150 691 de
1177 651 1332 692 cloacis
1357 651 1428 691 du—
1455 656 1487 688 A
1504 665 1551 688 177

79 713 221 754 cendis
254 715 295 753 et
326 712 510 765 fos<s>is
543 713 689 753 caecis.
742 711 854 764 quod
887 713 1045 764 totum,
1080 711 1164 751 nisi
1196 724 1269 762 per
1300 710 1429 750 finem

80 775 242 828 agatur,
267 771 319 812 ad
346 772 410 812 ius
438 770 700 812 ordinarium
728 770 925 824 pertinet.
965 768 1054 826 (fig.
1075 769 1163 825 40.)

137 831 205 871 De
238 830 516 871 itineribus
550 837 803 871 controuersia
830 838 885 870 est
914 838 1033 870 status
1059 836 1245 870 iniectiui:
1278 835 1431 869 inicitur

78 889 175 922 enim
199 888 280 922 loco
301 888 483 932 quaestio,
511 888 548 921 et
574 887 790 921 defenditur
815 887 953 931 populo
975 887 1074 930 quod
1100 886 1196 920 forte
1223 897 1244 920 a
1269 886 1429 930 priuatis

77 944 298 989 possidetur.
335 945 428 978 haec
455 938 646 991 quaestio
674 936 971 991 multipliciter
996 938 1216 977 tractatur.

138 996 248 1038 Nam
282 997 326 1037 in
358 997 471 1051 agris
505 996 753 1037 centuriatis
786 996 998 1049 excipitur
1030 994 1216 1036 limitum
1246 994 1429 1035 latitudo

79 1070 204 1097 causa
224 1056 402 1097 itineris.
438 1056 510 1096 sed
531 1070 626 1096 cum
650 1055 714 1096 illi
740 1058 928 1096 recturas
955 1069 1051 1096 suas
1077 1069 1153 1108 per
1173 1054 1430 1108 qualiacum-

81 1130 161 1170 que
186 1117 281 1157 loca
301 1114 542 1164 extendant,
568 1114 650 1155 hoc
679 1112 683 1170 Ι
713 1117 777 1155 est
803 1129 887 1168 qua
913 1115 1022 1155 ratio
1049 1113 1239 1163 dictauit,
1266 1127 1341 1168 per
1359 1112 1429 1154 cli·
1455 1116 1482 1151 B
1499 1126 1531 1150 35

80 1176 150 1215 uia
176 1177 217 1215 et
242 1176 481 1227 montuosa,
508 1188 590 1227 qua
617 1174 698 1215 iter
723 1175 841 1214 nullo
869 1173 995 1214 modo
1022 1173 1114 1213 fieri
1140 1175 1294 1227 potest,
1323 1186 1431 1226 quae

80 1236 174 1275 loca
198 1233 379 1275 fortasse
408 1234 649 1287 possessori
680 1233 812 1274 siluae
840 1247 966 1273 causa
992 1232 1078 1273 sint
1103 1233 1243 1278 utilia,
1276 1232 1430 1272 horum

80 1294 175 1335 loco
202 1307 289 1334 non
315 1292 471 1346 inique,
497 1307 572 1346 per
599 1306 704 1346 quae
729 1293 868 1346 possit
892 1293 986 1332 loca
1013 1291 1232 1333 commode
1260 1291 1324 1343 iri,
1351 1291 1432 1331 iter

82 1354 360 1394 commutant.

139 1410 251 1452 Nam
283 1425 391 1465 quae
424 1412 480 1451 sit
513 1410 706 1452 condicio
740 1411 958 1463 itinerum,
992 1409 997 1464 1
1031 1424 1117 1451 non
1144 1410 1299 1464 exigua
1325 1409 1429 1450 iuris
1457 1412 1488 1446 A
1507 1422 1556 1446 ηε

81 1470 280 1511 tractatio
302 1472 376 1511 est.
409 1470 550 1526 agitur
570 1470 695 1523 enim,
716 1472 915 1511 utrumne
935 1470 1111 1522 actu<s>
1132 1469 1188 1510 sit
1208 1484 1261 1510 an
1280 1468 1433 1523 i[n]ter

81 1530 190 1583 <an>
223 1528 417 1571 ambitus.
468 1543 544 1583 per
577 1544 683 1583 quae
716 1528 810 1570 loca
837 1529 939 1583 quid
971 1528 1098 1570 liceat
1130 1527 1308 1582 populo,
1342 1528 1431 1569 iure

81 1589 332 1631 continetur.

1049 1657 1111 1691 La.
1128 1660 1182 1698 89,
1199 1660 1243 1690 25
1259 1674 1302 1685 =
1319 1659 1430 1697 34,15

142 1704 251 1747 Satis,
271 1706 313 1738 ut
333 1707 435 1749 puto⁷
456 1704 621 1739 dilucide
642 1715 780 1749 genera
799 1705 1136 1739 controuersiarum
1156 1704 1325 1748 exposui:
1346 1715 1432 1737 nam
1459 1702 1486 1736 P
1502 1707 1548 1736 ms

82 1754 120 1786 et
145 1752 353 1796 simplicius
380 1762 552 1786 enarrare
579 1752 815 1787 condiciones
842 1763 968 1786 earum
992 1754 996 1795 Ι
1020 1752 1250 1793 existimaui,
1278 1762 1350 1794 quo
1377 1750 1432 1784 fa-
1458 1750 1534 1784 B36

82 1799 190 1834 cilius
217 1800 264 1833 ad
291 1799 524 1834 intellectum
549 1800 799 1844 peruenirent.
835 1811 933 1833 nunc
954 1810 1063 1843 quem
1084 1799 1285 1833 admodum
1305 1798 1432 1842 singu-

142 1925 238 1951 4-—8
268 1930 303 1952 u.
330 1930 444 1963 supra
470 1921 531 1959 24,
550 1922 664 1952 5—12
763 1925 798 1951 12
826 1918 988 1952 Frontin.
1012 1920 1071 1960 10,
1088 1922 1117 1951 5.
1157 1916 1293 1960 Hygin.
1317 1919 1371 1957 97,
1388 1920 1431 1949 23

84 1972 217 2009 26—p.
233 1972 283 2008 50,
298 1973 313 1999 1
340 1965 476 2000 Comm.
499 1969 555 2008 69,
570 1968 709 1999 21—24

143 2079 160 2105 2
187 2074 224 2106 et
249 2084 315 2107 om.
339 2076 368 2106 A
464 2079 502 2106 10
528 2072 644 2107 caesis
670 2075 699 2105 A
795 2079 831 2105 12
860 2071 944 2105 MN.
973 2069 1344 2105 CONTROVERSIA
1372 2073 1396 2102 B

85 2120 142 2154 est
172 2130 255 2154 δεον.
281 2119 338 2163 Al,
372 2131 439 2155 om.
465 2123 491 2153 B
605 2126 642 2153 13
669 2119 889 2154 defendetur
914 2121 943 2152 A
1058 2124 1179 2151 17—18
1206 2117 1319 2151 cliuia
1346 2117 1432 2162 La.]

85 2166 189 2200 diuia
215 2169 276 2200 AB
391 2173 427 2200 19
453 2177 682 2211 possessores
708 2169 770 2199 AB
886 2173 924 2199 20
953 2175 1019 2209 per
1046 2175 1157 2208 quam
1184 2166 1310 2208 posset
1335 2167 1397 2197 AB
1428 2182 1429 2208 ;

85 2214 276 2248 commode
297 2214 342 2247 iri
363 2215 450 2259 La]
470 2214 722 2248 commodiora
742 2217 804 2246 AB
885 2220 923 2246 23
949 2214 1053 2247 actus
1074 2213 1158 2257 Εἰς.
1183 2215 1188 2254 1
1210 2211 1281 2245 iter
1301 2212 1384 2255 Rz'y.

85 2268 123 2295 24
151 2261 255 2306 (an)
279 2262 363 2296 add.
385 2262 452 2296 La.
522 2268 560 2295 26
589 2262 661 2306 Qui
685 2272 785 2295 ‘mmo
812 2262 850 2294 in
870 2263 932 2293 AB
958 2261 1119 2304 sequitur
1138 2259 1257 2293 excitus
1276 2258 1433 2303 Ayenni,

85 2310 127 2343 in
158 2309 292 2343 lacuna
317 2310 480 2354 payinae
509 2311 558 2343 26
589 2309 720 2343 rectius
749 2308 957 2351 ponendum
986 2318 1073 2347 esse,
1111 2317 1225 2349 supra
1257 2305 1363 2339 docui

86 2363 125 2390 28
152 2356 199 2389 ad
219 2367 286 2390 om.
303 2358 377 2399 ΑΒ,
397 2367 479 2390 sscr.
498 2356 544 2388 A¹
567 2356 571 2398 Ι
594 2355 833 2400 peruenirent
853 2358 878 2386 P
898 2355 938 2387 in
954 2354 1097 2395 Comm„
1123 2353 1351 2397 pertinerent
1371 2354 1432 2384 AB

160 2421 271 2452 Corpus
292 2421 451 2453 agrimens.
471 2421 596 2445 Roman.
617 2421 640 2445 Ι.
1177 2415 1197 2443 4
