1669 2545
61 700 93 725 10

60 995 92 1021 15

116 43 379 85 La.139‚1—19
430 41 493 75 DE
520 39 890 75 CONDICIONIBVS
917 42 1158 77 AGRORVM
1237 44 1302 77 BP
1379 44 1462 85 103

117 151 278 205 lapides
304 153 346 191 et
372 150 527 190 attinas
554 151 790 203 appellant,
816 150 1129 204 obseruantque
1154 166 1231 205 pro
1258 153 1462 193 herminis.

116 212 220 252 haec
245 213 388 251 tamen
409 209 550 250 omnia
576 223 732 262 genera
757 209 1001 249 finitionum
1028 224 1113 250 non
1133 209 1270 251 solum
1299 210 1304 264 Ι
1333 212 1377 252 in
1403 212 1464 252 di-

118 270 251 312 uersis
277 267 528 323 pluribusue
552 267 816 323 regionibus,
849 282 998 309 uerum
1024 269 1151 309 etiam
1179 269 1224 310 in
1249 284 1333 311 uno
1360 285 1462 325 agro

118 328 301 371 inueniri
334 325 338 383 Ι
373 329 562 381 possunt.
606 342 704 368 nam
737 327 811 368 ubi
844 328 1070 381 supercilia
1098 327 1309 369 naturalia
1334 329 1463 370 finem

117 389 346 444 praestant,
373 385 666 427 deficientibus
687 386 746 427 eis
766 400 935 427 necesse
957 389 1022 427 est
1042 390 1116 428 aut
1140 388 1369 429 terminum
1390 391 1465 429 aut

118 448 289 489 arbores
316 448 388 486 aut
414 444 574 499 aliquid
601 460 651 485 ex
679 460 806 499 supra
832 445 956 486 dictis
983 446 1208 500 generibus
1234 446 1464 488 obseruari.

119 505 326 561 quidquid
351 507 492 545 autem
512 504 667 544 horum
692 504 831 558 fuerit,
859 519 909 544 ex
936 505 1207 546 conuenienti
1233 506 1284 546 ad
1311 520 1465 547 conue-

118 566 304 607 nientem
328 563 500 616 [uiderit
524 562 738 617 similiter]
766 566 905 605 rectus
925 564 1022 604 finis
1044 564 1261 605 obseruari
1283 565 1464 607 debebit.

176 624 360 666 Maxime
387 625 528 664 autem
558 622 786 664 intuendae
817 625 943 664 erunt
974 624 1301 664 consuetudines
1329 626 1464 680 regio-

118 699 232 737 num,
253 686 294 724 et
314 697 366 722 ex
385 682 537 722 uicinis
558 681 751 736 exempla
772 682 985 723 sumenda.
1013 683 1058 724 in
1079 682 1333 736 quibusdam
1355 684 1466 724 enim

119 742 365 799 regionibus
387 741 459 782 alii
485 741 691 782 terminos
715 741 883 783 siliceos
905 744 1082 796 ponunt,
1109 741 1181 783 alii
1204 742 1465 784 diuersarum

117 802 406 843 materiarum:
440 800 612 854 quidam
638 814 739 841 uero
766 804 914 842 curant
944 801 947 854 Ι
976 801 1177 842 inuehere
1204 802 1466 855 qualescum—

118 876 199 915 que
225 860 471 916 peregrinos
498 859 681 913 lapides,
706 862 755 900 ut
780 860 1054 900 manifestum
1081 860 1153 913 sit,
1181 876 1232 901 ex
1259 861 1467 902 industria

117 922 322 962 terminos
347 919 495 959 finales
522 919 701 972 positos:
729 919 901 973 quidam
928 919 1056 960 etiam
1076 919 1247 973 politos,
1272 920 1345 960 alii
1365 935 1465 962 uero

118 980 360 1033 inscriptos,
385 978 458 1019 alii
485 979 612 1019 etiam
639 978 826 1019 numeris
853 981 1049 1020 enotatos
1075 982 1253 1032 ponunt,
1279 979 1351 1020 alii
1378 982 1467 1020 tan-

118 1042 210 1081 tum
242 1038 368 1080 modo
403 1038 446 1078 in
479 1037 596 1078 coxis
628 1038 698 1078 uel
723 1037 985 1091 <m>inimis‚
1023 1037 1096 1078 alii
1129 1038 1173 1078 in
1198 1038 1467 1093 longioribus

119 1099 286 1152 spatiis,
322 1096 546 1150 conplures
582 1096 654 1137 alii
687 1097 812 1137 etiam
847 1097 1094 1151 aequalibus
1130 1097 1377 1139 interuallis.
1424 1099 1468 1138 in

120 1157 374 1211 quibusdam
405 1170 506 1196 uero
539 1155 785 1211 regionibus
818 1156 862 1196 in
893 1157 1080 1197 uersuris
1114 1156 1310 1197 omnibus
1343 1157 1467 1197 binos

120 1218 355 1271 posuerunt
381 1215 451 1268 ita,
477 1217 524 1255 ut
545 1229 644 1256 suos
666 1215 845 1268 quisque
872 1216 1032 1270 rigores
1055 1216 1303 1256 intueretur.
1323 1214 1335 1271 ΙΙ
1355 1230 1468 1271 ergo,

179 1338 264 1365 2—4
295 1331 430 1365 Comm.
454 1335 509 1373 61,
526 1334 674 1365 19—20.
714 1331 850 1376 Hygin.
872 1335 927 1373 91,
943 1335 1034 1365 3-4
1131 1338 1150 1365 9
1181 1333 1225 1375 cf.
1253 1331 1389 1377 Hygin.
1414 1336 1468 1373 75,

123 1382 223 1414 1—9.
252 1382 372 1421 92‚13.
401 1381 500 1420 94,9.
534 1378 603 1412 Sic.
620 1378 739 1413 Flacc.
758 1382 902 1420 106‚22.
934 1382 1043 1420 107,1
1070 1379 1216 1422 saepius
1293 1386 1397 1413 9—15
1423 1380 1468 1414 ab

120 1426 269 1471 Hygino
291 1429 347 1469 90,
364 1429 453 1459 1—8
478 1427 607 1469 pendet
679 1432 800 1459 14—15
826 1426 869 1469 cf.
895 1429 972 1467 106,
988 1429 1030 1459 21
1105 1433 1201 1470 lesq.
1226 1427 1270 1469 cf.
1295 1430 1372 1469 106,
1388 1431 1466 1471 4sq.

122 1478 200 1516 115,
218 1478 261 1508 14
357 1479 394 1506 18
420 1473 459 1507 in
484 1473 645 1508 uersuris
671 1475 716 1517 cf.
740 1477 818 1514 104,
835 1477 887 1507 12.
918 1476 1055 1516 108‚20

180 1588 196 1614 1
223 1580 496 1625 obseruantque
521 1591 588 1624 pro
615 1580 782 1614 terminis
809 1583 852 1622 B,
882 1590 977 1624 quae
1003 1591 1070 1624 pro
1097 1580 1265 1614 terminis
1293 1581 1405 1614 etiam
1432 1581 1469 1614 in

121 1639 194 1663 uno
222 1639 311 1673 agro
338 1627 538 1662 obseruant
563 1631 588 1660 P
616 1629 677 1670 (cf.
698 1640 733 1662 u.
749 1630 787 1671 3)
879 1634 897 1660 3
923 1627 1090 1672 plui-isne
1116 1631 1142 1660 B
1239 1635 1257 1661 4
1283 1627 1470 1661 naturalia

121 1679 227 1711 om.P
316 1682 334 1709 6
361 1686 405 1709 ex
431 1686 543 1719 supra
563 1674 673 1709 dictis
699 1676 837 1719 putant
862 1674 1052 1709 obseruari
1078 1678 1115 1716 Β,
1143 1687 1187 1709 ex
1213 1679 1247 1709 ff
1273 1676 1469 1719 generibus

121 1722 280 1767 incipiat
306 1722 495 1757 obseruari
521 1726 546 1755 P
574 1722 722 1765 (Glossa
745 1723 881 1767 putant
906 1723 945 1756 in
965 1725 991 1755 Β
1017 1722 1214 1767 generibus
1240 1723 1403 1764 castrum,
1430 1724 1470 1757 in

121 1774 147 1804 P
173 1771 213 1804 in
238 1770 398 1815 incipiat
422 1774 563 1805 mutata
590 1773 654 1813 est)
732 1777 815 1803 7-—8
841 1780 885 1804 ex
912 1769 1148 1804 conuenienti
1175 1770 1223 1804 ad
1250 1770 1468 1804 conuenien-

122 1818 197 1852 tem
223 1818 263 1863 P]
291 1829 335 1852 ex
361 1829 433 1861 quo
459 1817 612 1852 uenient
638 1817 699 1851 uel
725 1828 747 1851 a.
767 1829 839 1861 quo
862 1817 1035 1851 ueniente
1062 1820 1088 1850 B
1162 1824 1180 1850 8
1206 1817 1344 1851 uiderit
1369 1817 1469 1850 simi-

122 1864 208 1899 liter
233 1868 270 1903 B.
297 1876 363 1900 om.
384 1866 507 1907 PLa.‚·
534 1876 584 1899 an
609 1867 651 1898 ut
678 1864 825 1909 derigat
850 1864 1044 1899 similiter?
1073 1867 1076 1908 Ι
1106 1864 1217 1898 debet
1241 1868 1266 1897 P
1350 1871 1384 1897 ιο
1411 1876 1469 1898 su-

125 1913 273 1958 menda]
301 1914 387 1946 sunt
411 1912 496 1946 add.
517 1916 542 1945 P
571 1914 574 1956 Ι
604 1912 703 1946 enim
728 1924 794 1947 om.
815 1916 840 1945 P
950 1918 1070 1945 12—13
1096 1911 1400 1956 qualescumque]
1429 1911 1467 1953 Q.

124 1959 163 1993 L.
179 1958 214 1994 C.
232 1959 272 2001 Q.
292 1964 327 2001 P,
355 1971 420 1994 om.
441 1962 467 1992 B
541 1966 576 1992 15
603 1960 800 2004 inscriptos
828 1959 894 1993 alii
914 1959 1027 1993 etiam
1047 1963 1083 2001 P,
1109 1970 1175 1993 om.
1191 1962 1233 2000 133
1260 1959 1304 2001 cf.
1327 1962 1466 1994 100221

125 2007 235 2041 notae
261 2009 327 2041 aut
351 2006 498 2040 litterae
525 2009 591 2040 aut
616 2007 761 2041 numeri
783 2009 787 2050 Ι
810 2006 971 2041 numeris
999 2008 1168 2040 enotatos
1191 2007 1250 2049 (ef.
1274 2008 1331 2047 73,
1346 2009 1382 2045 4)
1405 2017 1469 2050 po-

125 2055 219 2088 nunt
243 2056 286 2096 Β,
315 2054 456 2088 numeri
483 2054 612 2088 ordine
636 2056 787 2089 notatos
814 2054 1017 2098 disponunt
1041 2054 1143 2088 PLa.
1242 2059 1278 2085 16
1303 2053 1342 2086 in
1369 2053 1468 2087 coxis

125 2100 187 2135 uel
217 2101 255 2134 in
280 2101 363 2135 imis
389 2104 431 2143 B,
464 2101 608 2136 inflexis
638 2102 799 2136 uersuris
826 2105 866 2142 Ρ,
899 2102 943 2143 cf.
973 2103 1091 2143 106,4
1117 2100 1288 2134 omnibus
1322 2100 1468 2145 angulis

126 2148 299 2192 coxisque
365 2155 400 2181 17
423 2148 615 2193 conplures
635 2149 677 2194 P]
698 2160 809 2193 quam
828 2149 952 2193 plures
974 2151 998 2180 B
1022 2150 1026 2191 Ι
1050 2147 1114 2181 alii
1135 2159 1201 2182 om.
1215 2151 1240 2180 P
1307 2154 1343 2180 19
1364 2159 1470 2181 suum

126 2195 283 2239 quisque
308 2195 467 2240 rigorem
492 2200 517 2229 P
540 2198 544 2239 Ι
567 2197 785 2241 intueretur]
814 2207 900 2230 nam
927 2198 964 2230 et
983 2195 1098 2229 uariis
1123 2194 1337 2239 regionibus
1364 2195 1471 2238 signa

126 2242 323 2277 defodiunt
347 2254 413 2287 pro
439 2243 607 2277 terminis
629 2244 714 2278 add.
732 2247 758 2277 P
779 2246 838 2286 (em
858 2242 1007 2287 Hygino
1028 2245 1084 2283 90,
1099 2245 1119 2276 8
1146 2243 1251 2286 signa
1277 2241 1472 2276 defodiunt

126 2301 192 2334 pro
207 2289 373 2324 terminis
393 2294 591 2335 sumptum)
603 2305 614 2333 ,·
634 2291 742 2336 signa
761 2302 827 2334 pro
848 2290 1014 2324 terminis
1035 2289 1183 2324 defossa
1203 2289 1295 2323 dicit
1308 2301 1432 2335 maryo
1445 2294 1471 2323 P

1489 216 1518 250 B
1530 226 1580 251 100

1489 334 1516 367 P
1530 339 1581 368 31v

1493 807 1520 839 B
1534 817 1583 842 101

1494 1220 1522 1254 B
1537 1230 1585 1255 129
