1669 2545
88 207 115 240 P
133 212 182 241 39¹·

88 326 116 358 B
130 335 180 359 232

212 93 295 133 144
369 92 470 126 BEP
646 90 821 125 HYGIM
847 89 1113 125 GROMATICI
1169 90 1557 132 La.179,11-180,14

267 200 528 249 Quibusdam
557 199 735 241 coloniis
763 199 1042 240 decumanum
1069 198 1302 239 maximum
1325 198 1383 239 ita
1403 199 1557 239 consti-

208 263 394 311 tuerunt,
421 263 468 300 ut
494 259 606 300 uiam
635 257 901 301 consularem
928 260 1217 299 transeuntem
1244 272 1318 311 per
1344 258 1555 299 coloniam

209 320 464 371 contineret3
488 317 491 372 ]
516 319 624 359 sicut
649 318 693 358 in
717 316 947 372 Campania
974 317 1165 359 coloniae
1188 315 1410 357 Axurnati.
1451 316 1556 357 deci-

208 393 358 419 manus
387 378 595 418 maximus
619 392 694 431 per
714 377 826 417 uiam
847 376 1032 430 Appiam
1061 375 1330 417 obseruatur:
1356 376 1460 417 fines
1482 376 1555 430 qui

207 438 417 478 culturam
438 437 626 490 accipere
646 438 890 491 potuerunt,
917 439 957 476 et
983 435 1142 476 limites
1167 438 1435 488 acceperunt:
1462 434 1555 476 reli-

208 511 290 550 qua
303 511 399 550 pars
418 496 578 550 asperis
595 495 773 549 rupibus
789 495 1042 547 continetur,
1060 494 1287 534 terminata
1300 493 1343 534 in
1361 495 1555 535 extremi-

206 558 294 596 tate
320 570 436 596 more
464 555 654 596 arcifinio
682 569 758 608 per
785 553 1166 595 demonstrationes
1194 557 1235 593 et
1263 566 1338 607 per
1363 552 1553 594 locorum

206 614 424 656 uocabula.
457 614 547 669 (fig.
570 613 656 669 92.)

266 673 528 722 Quibusdam
550 673 728 714 coloniis
752 675 900 727 postea
922 671 1179 724 constitutis,
1207 671 1317 711 sicut
1342 672 1386 711 in
1406 670 1554 712 Africa

205 732 485 785 Admederae,
530 733 772 773 decimanus
815 732 1025 772 maximus
1065 734 1105 771 et
1147 730 1277 770 kardo
1317 745 1340 770 a
1379 730 1552 771 ciuitate

207 792 459 846 ori<un>tur
487 795 529 832 et
560 806 635 846 per
667 793 870 845 quattuor
901 793 1046 843 portas
1079 790 1122 829 in
1155 790 1373 842 more<m>
1400 792 1555 830 castro-

206 867 300 893 rum
325 854 373 892 ut
399 852 493 892 uiae
520 850 805 905 amplissimae
832 849 1044 889 limitibus
1072 848 1324 903 diriguntur.
1362 847 1465 888 haec
1492 850 1555 889 est

206 910 600 951 constituendorum
627 909 814 950 limitum
842 908 950 948 ratio
977 907 1274 961 pulcherrima.
1319 922 1415 948 nam
1443 907 1554 948 colo-

86 977 177 1011 B233
203 971 274 1011 nia
308 984 453 1010 omnes
483 967 487 1023 l
518 971 721 1022 quattuor
752 967 938 1021 perticae
970 966 1163 1021 regiones
1195 966 1385 1007 continet
1416 969 1458 1007 et
1491 970 1553 1007 est

84 1154 113 1189 P
126 1160 178 1189 ssv

206 1029 444 1070 colentibus
471 1028 611 1069 uicina
637 1027 837 1080 undique,
863 1025 1014 1067 incolis
1035 1039 1204 1079 quoque
1232 1024 1312 1065 iter
1335 1024 1387 1064 ad
1411 1025 1552 1065 forum
1597 1040 1612 1064 ε»

206 1103 255 1129 ex
283 1088 400 1129 omni
425 1090 544 1142 parte
572 1087 758 1140 aequale.
805 1086 867 1127 sic
894 1088 935 1126 et
962 1085 1003 1125 in
1032 1085 1180 1124 castris
1208 1098 1354 1138 groma
1380 1083 1554 1136 ponitur

205 1148 249 1188 in
269 1150 510 1199 tetrantem,
535 1161 616 1199 qua
637 1147 755 1186 uelut
777 1145 827 1185 ad
847 1144 988 1185 forum
1011 1143 1298 1184 conueniatur.
1328 1142 1332 1195 ]
1361 1140 1449 1197 (fig.
1465 1141 1552 1197 93.)

263 1206 383 1247 Hanc
411 1205 806 1247 constituendorum
833 1203 1019 1244 limitum
1050 1202 1259 1243 rationem
1293 1216 1461 1242 seruare
1486 1201 1553 1242 de-

204 1265 411 1319 bebimus,
438 1265 472 1306 si
498 1265 599 1306 huic-
618 1263 897 1318 postulationi
919 1262 987 1304 uel
1013 1261 1204 1303 locorum
1231 1263 1382 1301 natura
1408 1260 1553 1301 suffra-

204 1325 333 1381 gabit.
377 1339 499 1378 saepe
527 1325 639 1365 enim
666 1326 841 1377 propter
868 1325 1039 1376 portum
1068 1320 1236 1362 colonia
1261 1320 1313 1360 ad
1339 1334 1455 1360 mare
1480 1334 1552 1374 po·
1578 1335 1592 1358 Ξ

203 1385 331 1425 nitur.
371 1384 490 1425 cuius
515 1384 621 1424 fines
648 1397 801 1436 aquam
829 1396 914 1422 non
940 1384 1120 1434 possunt
1146 1379 1356 1432 excedere,
1381 1378 1464 1419 hoc
1489 1381 1552 1419 est

203 1444 329 1485 litore
364 1442 664 1496 terminantur3
704 1445 746 1482 et
785 1456 880 1482 cum
917 1441 973 1480 sit
1008 1439 1174 1481 colonia
1210 1439 1303 1492 ipsa
1337 1438 1381 1478 in
1415 1438 1552 1488 litore,

262 1592 278 1618 1
300 1583 439 1625 Quibus
460 1584 536 1616 iam
558 1582 697 1616 colonis
718 1585 742 1614 B
767 1585 771 1622 ’ρ
794 1582 847 1615 ita
874 1584 982 1615 0m.E
1056 1586 1073 1612 2
1101 1579 1332 1613 consularem
1359 1589 1425 1612 om.
1441 1581 1502 1611 ΒΕ

203 1639 222 1665 3
248 1631 416 1666 exornati
442 1634 520 1672 ΒΕ,
554 1640 712 1663 axurnas
738 1633 763 1662 P
866 1635 884 1661 5
911 1627 1095 1662 culturam
1120 1627 1160 1671 P]
1189 1625 1329 1661 cultum
1356 1628 1398 1662 B.
1431 1625 1551 1660 cultas

203 1683 230 1712 E
329 1685 413 1712 6—7
441 1677 633 1712 extremite
659 1679 685 1709 B
785 1683 798 1709 ἳ
828 1678 864 1709 et
890 1687 955 1719 per
980 1678 1022 1715 Β,
1052 1684 1118 1719 per
1143 1678 1188 1715 Ε,
1216 1676 1252 1708 et
1277 1677 1302 1706 P
1398 1680 1416 1706 υ
1443 1672 1550 1714 Quib.

203 1726 344 1760 colonis
370 1729 395 1759 B
477 1732 515 1758 10
542 1724 740 1758 admedera
765 1727 802 1761 Β,
831 1733 920 1757 a-re
946 1726 983 1764 P,
1010 1721 1057 1755 ad
1083 1732 1141 1755 me
1168 1721 1322 1755 dederat
1346 1724 1373 1753 E
1402 1721 1407 1763 Ι
1435 1720 1550 1753 maxi-

203 1785 285 1808 mus
305 1786 371 1808 om.
387 1776 448 1806 BE
472 1775 476 1815 Ι
500 1774 536 1806 et
556 1771 688 1817 kardo]
711 1782 754 1804 ex
775 1771 832 1804 his
853 1770 937 1805 add.
953 1773 989 1810 P,
1016 1780 1061 1803 ex
1080 1769 1136 1802 his
1158 1771 1281 1802 actum
1301 1767 1356 1801 ita
1376 1767 1460 1801 add.
1476 1771 1502 1800 E

203 1828 237 1855 11
265 1821 382 1855 oritur
407 1824 479 1862 ΕΡ,
506 1819 678 1854 orioritur
703 1821 728 1851 B
752 1821 755 1861 Ι
779 1818 817 1851 in
845 1828 943 1852 more
969 1820 1037 1857 BP,
1066 1826 1166 1849 more
1192 1819 1218 1848 Ε
1317 1821 1351 1848 12
1377 1816 1419 1847 ut
1444 1817 1488 1852 Β,
1515 1817 1552 1848 et

204 1873 243 1910 Ε,
270 1880 336 1903 om.
357 1872 382 1901 P
405 1872 408 1910 ᾖ
438 1867 667 1911 amplissime
693 1869 730 1906 Β,
758 1866 867 1899 a—mis
894 1869 954 1898 ΕΡ
977 1866 980 1903 Ι
1005 1863 1218 1905 diriguntur
1243 1862 1281 1908 P]
1310 1861 1489 1906 d-gantur
1513 1864 1551 1903 B,

204 1917 359 1959 d-gatur
381 1920 407 1948 E
482 1922 517 1948 13
543 1913 802 1959 pulcherrima.
831 1923 917 1946 nam
940 1912 980 1957 P]
1007 1910 1313 1955 pulchrainmane
1333 1912 1370 1946 Β,
1396 1908 1551 1954 pulchra

204 1964 393 1997 inmanem
420 1967 446 1996 E
550 1967 670 1995 13—14
697 1960 843 1995 colonia
865 1981 908 1984 —
931 1980 973 1984 —
995 1958 1160 1992 continet
1185 1958 1226 2003 P]
1254 1956 1420 1990 coloniae
1441 1976 1484 1981 —
1505 1976 1550 1981 —

205 2011 397 2045 continent
422 2013 483 2043 BE
586 2016 623 2042 14
650 2008 720 2053 est]
748 2019 791 2042 ex
818 2010 843 2040 B
946 2013 982 2040 15
1015 2005 1152 2039 incoles
1179 2008 1204 2038 B
1240 2007 1243 2047 1
1278 2003 1349 2038 iter
1375 2004 1420 2037 ad
1447 2003 1487 2048 P]
1515 2005 1551 2043 et

206 2060 286 2092 erat
310 2061 372 2091 BE
448 2064 483 2091 17
511 2057 549 2090 in
576 2058 775 2090 tetrantem
802 2065 876 2098 qua
902 2054 942 2100 P]
970 2053 1008 2086 in
1034 2054 1245 2097 petrantem
1271 2062 1407 2095 aquam
1432 2054 1470 2093 Β,
1496 2050 1550 2084 in-

202 2108 278 2140 tret
302 2105 393 2139 item
421 2115 555 2148 aquam
584 2106 587 2145 Ι
617 2102 859 2138 conueniatur
884 2104 927 2143 Β,
955 2100 1106 2134 e—nitur
1130 2103 1190 2133 ΕΡ
1287 2106 1323 2132 18
1348 2098 1451 2132 Haec
1476 2101 1501 2131 B

204 2160 337 2186 18-19
365 2152 540 2186 debemus
568 2155 627 2184 ΕΡ
726 2157 761 2183 19
791 2150 837 2194 si]
868 2149 919 2182 sic
945 2152 970 2181 P
1005 2150 1009 2190 Ι
1043 2147 1103 2181 uel
1132 2150 1192 2180 BE
1221 2147 1281 2190 (cf.
1310 2148 1482 2188 129,14)‚
1514 2146 1551 2178 et

204 2201 313 2235 PLa.
417 2206 553 2232 19—:20
579 2197 802 2243 suffragauit
827 2195 953 2241 (subfr.
981 2198 1019 2232 Β)
1046 2198 1105 2228 BP
1202 2201 1236 2227 ‘21
1265 2204 1400 2237 aquam
1425 2196 1470 2235 Β,
1503 2191 1550 2226 ad

204 2258 317 2291 quam
342 2251 380 2289 E,
411 2247 458 2280 ad
485 2257 619 2290 aquam
645 2249 670 2279 P
705 2250 708 2286 Ι
744 2256 817 2279 non
842 2244 882 2289 P]
910 2243 1026 2277 nostri
1051 2245 1112 2275 BE
1149 2260 1151 2266 ·
1187 2241 1355 2275 excidere
1381 2244 1406 2273 B
1442 2244 1445 2281 Ι
1481 2240 1550 2274 hoc

204 2296 262 2329 est
288 2298 328 2335 0,
362 2295 431 2328 hae
458 2298 495 2328 et
519 2296 658 2336 frastra
685 2293 754 2327 La.
876 2297 913 2324 22
946 2293 983 2324 et
1009 2301 1091 2324 cum
1121 2289 1169 2323 sit
1199 2287 1344 2322 colonia
1369 2287 1450 2332 ipsa
1476 2290 1549 2328 ΒΕ,

205 2353 289 2376 cum
315 2344 353 2376 et
378 2341 460 2386 ipsa
487 2341 631 2376 colonia
658 2340 706 2374 sit
731 2343 756 2372 P

1581 745 1613 770 10
