1669 2545
220 58 301 97 104
376 58 437 91 BP
717 59 866 94 SICVLI
892 60 1057 96 FLACCI
1156 63 1215 96 La.
1234 68 1309 97 139.
1326 68 1499 103 20—140,
1518 71 1558 99 ιδ

214 168 261 206 ut
287 180 414 219 supra
441 166 546 220 dixi,
579 168 904 209 consuetudines
938 169 1158 224 regionum
1186 172 1368 212 maxime
1395 172 1553 213 intuen-

213 225 289 265 dae
315 230 424 266 sunt.

272 282 585 337 Inspiciendum
612 287 694 326 erit
719 289 762 326 et
788 286 911 340 illud,
940 289 1139 341 quoniam
1168 289 1392 343 sepulchra
1421 291 1463 330 in
1490 306 1555 331 ex-

211 343 357 383 tremis
377 343 534 384 finibus
554 344 692 385 facere
713 345 826 386 soliti
855 351 954 386 sunt
981 349 1021 388 et
1043 348 1188 401 cippos
1210 362 1380 403 ponere,
1406 364 1457 390 ne
1484 350 1554 390 ali-

211 402 378 455 quando
400 403 520 456 cippi
544 418 622 457 pro
643 405 834 445 terminis
860 420 1042 446 errorem
1071 406 1244 448 faciant:
1272 423 1367 448 nam
1388 408 1431 448 in
1451 409 1556 450 locis
1600 428 1614 452 5

210 462 402 503 saxuosis
430 465 470 502 et
499 462 543 502 in
570 463 786 504 sterilibus
813 465 940 504 etiam
967 465 1009 505 in
1037 466 1187 506 mediis
1214 467 1555 519 possessionibus

209 520 434 574 sepulchra
450 521 622 562 faciunt.
651 523 793 563 omnia
808 537 919 578 ergo,
939 527 985 564 ut
1003 539 1128 578 supra
1147 525 1343 578 diximus,
1361 526 1552 580 diligenti

208 593 308 620 cura
338 581 596 633 exquirenda
629 584 769 634 erunt,
802 585 849 622 ut
880 586 921 623 et
948 584 1178 624 secundum
1208 585 1554 627 consuetudinem

91 641 179 675 1513«)
207 638 428 693 regionum
458 640 462 693 1
492 643 532 680 et
559 640 684 681 iidem
712 641 991 683 terminorum
1018 643 1115 683 finis
1143 646 1320 684 constet.

89 701 115 733 P
130 707 179 734 :³1v
266 696 510 752 Aliquando
532 699 659 740 etiam
680 703 820 754 petras
848 706 1113 743 occurrentes
1141 703 1181 742 in
1209 703 1365 744 finibus
1384 707 1554 744 notatas
1582 725 1613 747 ιο

208 757 459 811 111116111111115,
471 760 513 798 et
527 759 742 812 quasdam,
756 760 789 799 si
804 764 1045 813 perseueret
1060 762 1186 816 rigor,
1200 764 1323 803 notas
1339 762 1554 816 habentes,

208 817 250 856 in
267 817 454 857 uersuris
472 832 572 858 uero
590 833 792 872 gammas‚
813 818 905 873 [sed
923 819 982 874 et]
1005 823 1242 874 spectantes
1265 836 1362 862 suos
1380 822 1551 877 rigores.

206 875 369 929 aliquas
396 876 524 916 etiam
553 876 848 931 decus<s>atas
875 879 1128 920 inuenimus.

265 934 524 983 Quibusdam
548 940 689 976 antem
709 937 847 990 placet
868 940 909 978 et
934 938 1114 979 uidetur.
1142 940 1287 992 utique
1316 940 1393 980 sub
1421 942 1550 981 omni-

206 994 283 1034 bus
316 994 507 1035 terminis
543 995 712 1050 signum
748 997 929 1037 inueniri
962 998 1228 1052 oporterelstJ.
1280 999 1393 1052 quod
1428 999 1551 1053 ipsud
1580 1019 1609 1042 ιτ,

205 1052 493 1094 uoluntarium
518 1057 591 1094 est.
630 1055 663 1094 si
685 1056 796 1095 enim
818 1059 957 1096 essent
977 1059 1114 1097 certae
1140 1057 1254 1111 leges
1281 1061 1354 1098 aut
1381 1073 1550 1100 consue-

203 1112 373 1152 tudines
405 1116 478 1153 aut
515 1113 853 1167 obseruationes,
892 1129 1057 1169 semper
1092 1116 1229 1156 simile
1267 1116 1435 1172 signum
1472 1118 1550 1158 sub

204 1171 400 1212 omnibus
432 1172 625 1213 terminis
652 1172 930 1215 inueniretur:
963 1189 1092 1227 nunc,
1126 1175 1325 1228 quoniam
1358 1177 1549 1217 uolunta—

202 1231 311 1270 rium
334 1233 409 1284 est,
429 1231 643 1285 aliquibus
663 1233 856 1273 terminis
878 1233 985 1273 nihil
1006 1234 1225 1275 subditum
1240 1238 1316 1288 est,
1336 1235 1549 1289 aliquibus

84 1291 172 1326 lim
202 1304 302 1330 uero
336 1293 408 1330 aut
441 1291 656 1344 cin<er>es
689 1295 762 1332 aut
797 1306 866 1332 cai·
880 1292 1010 1333 bones
1044 1295 1118 1334 aut
1150 1297 1281 1335 testea
1314 1297 1387 1335 aut
1413 1295 1549 1336 uitrea
1576 1314 1607 1337 -20

202 1349 336 1389 fracta
360 1352 433 1389 aut
461 1364 572 1391 asses
598 1350 809 1392 subiectos
843 1355 915 1392 aut
941 1352 1152 1405 caleeffln)
1180 1356 1253 1393 aut
1278 1368 1460 1408 gypsum
1488 1354 1547 1395 in-

259 1484 295 1509 10
320 1489 356 1511 u.
378 1477 514 1522 Hygin.
531 1482 588 1521 89,
605 1482 647 1511 14
720 1486 841 1512 12ῌ13
868 1481 912 1521 cs'.
938 1484 1070 1517 10321
1101 1481 1211 1514 decus
1233 1502 1275 1506 —-
1297 1503 1337 1506 —-
1361 1484 1425 1515 aut
1445 1494 1546 1527 gam-

200 1535 280 1557 mae
385 1532 419 1558 14
446 1526 491 1568 cf.
516 1525 709 1571 (Hygin.)
732 1530 785 1563 76,
805 1531 892 1559 1—·2
998 1535 1117 1560 14—21
1145 1528 1207 1562 Bo.
1229 1532 1378 1570 402,15.
1409 1534 1545 1563 18—232

259 1649 272 1674 1
295 1643 600 1677 consuetudinem
621 1647 646 1676 Β
670 1647 674 1688 1
698 1644 889 1688 regionum
909 1646 1069 1679 maxime
1090 1649 1127 1686 Β,
1147 1645 1199 1681 ‘L
1218 1648 1320 1681 PLa.
1389 1654 1472 1681 1——2
1492 1648 1545 1681 in-

199 1690 374 1735 tuendae]
402 1692 438 1723 et
461 1701 503 1724 ex
524 1691 660 1725 uicinis
680 1692 849 1736 exempla
869 1693 1049 1727 sumenda
1069 1694 1153 1727 add.
1170 1697 1195 1726 P
1216 1703 1275 1728 (6oe
1289 1706 1327 1737 p.
1342 1698 1422 1737 103,
1436 1699 1497 1739 10)

198 1743 215 1769 3
245 1736 354 1782 illud]
387 1749 433 1772 ne
459 1739 542 1772 add.
564 1742 590 1771 P
687 1746 704 1772 4
730 1750 775 1773 ne
802 1743 843 1782 Ρ,
877 1751 941 1774 om.
963 1743 989 1772 B
1086 1747 1103 1773 5
1131 1741 1258 1785 cippos
1285 1753 1351 1785 pro
1377 1742 1544 1776 terminis

198 1795 357 1817 errorem
382 1784 525 1819 faciant
550 1789 594 1825 Β,
629 1797 770 1830 cyppus
802 1798 868 1831 pro
898 1787 1054 1822 termino
1080 1790 1114 1832 (o
1141 1799 1184 1822 επ
1208 1800 1286 1829 um,
1320 1793 1361 1822 ut
1385 1790 1542 1832 uidetur)

198 1842 357 1865 errorem
383 1832 500 1866 faciat
524 1834 652 1876 PLa.‚-
685 1834 785 1878 cippi
811 1836 942 1878 scripsi
1060 1841 1078 1867 ⁹
1105 1836 1142 1868 et
1166 1835 1409 1870 terminorum
1434 1837 1543 1870 fidem

199 1880 368 1912 constent
394 1879 483 1914 fines
508 1884 533 1913 P
642 1888 678 1913 10
704 1883 829 1925 petras
855 1883 1003 1915 notatas
1030 1893 1154 1928 maryo
1179 1886 1205 1915 P
1314 1890 1344 1916 11
1373 1886 1409 1918 et
1434 1894 1544 1927 quas-

197 1925 283 1959 dam
311 1947 352 1951 —-
381 1947 423 1951 —
450 1929 557 1961 notas
584 1939 649 1962 om.
671 1931 697 1961 B
794 1935 829 1962 12
855 1929 920 1963 sed
947 1932 983 1963 et
1009 1931 1219 1973 spectantes
1247 1933 1289 1971 Β,
1322 1931 1387 1964 sed
1413 1941 1543 1975 expec-

197 1974 318 2007 tantes
344 1977 369 2006 P
391 1976 470 2018 (qui
488 1986 623 2018 semper
640 1976 714 2018 fere
734 1978 874 2019 expect.
890 1988 961 2020 pro
981 1978 1092 2020 spect.
1113 1978 1251 2021 scribit)
1262 1992 1274 2020 ;
1298 1979 1446 2021 seclusi;
1472 1979 1540 2013 La.

196 2022 232 2053 et
257 2021 334 2055 secl.
433 2029 467 2054 13
495 2022 640 2066 aliquas
667 2022 780 2057 etiam
806 2026 849 2065 Β,
882 2023 1084 2067 aliquando
1111 2025 1209 2058 enim
1235 2028 1260 2057 P
1356 2033 1391 2059 14
1418 2027 1541 2060 autem

196 2079 262 2101 om.
282 2071 308 2100 P
330 2070 334 2112 1
358 2069 486 2112 utique
507 2073 544 2111 Β,
571 2070 626 2103 uti
646 2074 671 2102 P
745 2077 779 2103 15
806 2071 974 2105 terminis
1000 2082 1064 2105 om.
1086 2075 1112 2104 P
1134 2074 1138 2115 Ι
1162 2074 1348 2116 oporteret
1373 2075 1410 2115 Β,
1437 2084 1541 2117 opor-

196 2116 275 2149 teat
294 2119 320 2148 P
390 2123 424 2148 16
445 2116 710 2162 uoluntarium]
732 2129 805 2151 non
825 2119 1070 2152 necessarium
1092 2119 1175 2153 add.
1191 2123 1232 2161 P;
1258 2119 1440 2154 rationem
1459 2122 1541 2154 red-

197 2161 253 2196 dit
272 2173 385 2206 quare
406 2175 477 2197 non
499 2164 565 2197 sub
587 2165 757 2199 omnibus
775 2165 943 2199 terminis
964 2166 1111 2210 signum
1128 2166 1317 2200 inuenitur
1331 2179 1455 2212 mar-{10
1468 2171 1494 2201 P

195 2216 230 2242 18
256 2210 424 2243 terminis
452 2222 516 2245 om.
536 2215 560 2244 P
633 2219 671 2245 *20
698 2223 837 2246 cineres
862 2213 1030 2258 Tamen]
1057 2224 1165 2247 cenes
1190 2217 1227 2254 Β,
1256 2214 1348 2248 cinis
1373 2218 1410 2257 P,
1437 2215 1540 2249 cinus

195 2257 264 2290 La.
288 2258 293 2300 1
317 2256 426 2291 carbo
441 2262 465 2290 P
489 2264 492 2301 ι
516 2260 635 2292 testea
651 2262 689 2302 Β,
709 2261 828 2293 testae
842 2263 878 2301 Ρ,
899 2262 996 2294 testa
1013 2261 1078 2294 aut
1095 2271 1177 2295 ossa
1192 2262 1258 2295 Bo.
1322 2268 1356 2294 21
1378 2262 1478 2296 facta
1491 2266 1517 2295 P
1535 2264 1536 2268 ’

196 2314 294 2338 asses
321 2307 358 2346 Β,
385 2305 474 2338 ossis
501 2310 537 2342 Ρ,
565 2316 666 2340 assas
692 2306 778 2340 ferri
807 2309 871 2341 ant
898 2318 958 2341 aes
986 2308 1052 2342 Bo.
