1669 2545
93 417 119 449 F
136 422 182 450 10¹'

106 523 181 557 B37

111 984 136 1017 B
153 993 185 1018 38

90 1044 119 1077 A
136 1053 185 1078 179

208 91 265 131 50
339 91 369 123 A
379 90 406 123 B
418 90 443 123 F
453 90 480 123 P
696 87 882 122 AGENNI
902 87 1063 121 VRBICI
1188 87 1249 121 La.
1263 90 1319 128 89,
1330 89 1375 120 28
1387 104 1428 115 =
1444 89 1499 128 34,
1513 90 1554 120 16

207 196 262 231 lae
289 197 442 230 tractari
464 196 626 230 debeant
652 194 948 239 persequendum
975 195 1041 228 est.
1078 193 1236 237 respicio
1257 193 1354 227 enim
1375 194 1556 236 quantum

209 244 258 278 sit
277 244 377 287 quod
397 243 557 277 mensori
577 243 806 287 iniungatur‚
828 243 864 275 et
880 242 971 285 puto
990 240 1209 284 diligentius
1227 240 1445 283 exequenda
1461 249 1556 283 quae

208 301 255 333 ad
292 300 570 344 prouidentiam
611 291 894 344 pertinenti<a>
931 301 1015 331 sunt
1054 297 1214 331 artificis.
1279 288 1556 330 difficillimus

208 354 350 394 autem
377 351 496 393 loeus
522 351 594 392 hic
619 354 696 405 est,
723 349 837 404 quod
862 350 1049 390 mensori
1075 348 1349 390 iudicandum
1375 350 1456 402 est3
1485 347 1554 389 sed

207 419 284 452 nec
305 411 446 451 minus
468 412 539 451 ille
566 412 752 463 exactus,
779 409 893 463 quod
920 411 984 449 est
1011 407 1015 464 1
1045 408 1267 450 aduocatio
1294 406 1555 462 praestanda.
1600 427 1616 443 ›

209 479 433 511 quamquam
461 468 610 501 diuersa
636 467 711 501 sint
738 468 774 501 et
806 466 915 511 longe
947 466 1045 500 inter
1077 476 1114 499 se
1144 465 1352 498 discernere
1384 463 1556 505 debeant,

208 517 478 572 prudentiam
512 519 653 557 tamen
687 515 861 557 eandem
898 514 901 570 Ι
937 515 1119 556 artifices
1150 514 1305 554 habere
1336 513 1491 554 debent
1516 516 1558 553 et

211 577 283 630 qui
310 576 537 617 iudicaturi
564 578 663 617 sunt
688 578 730 616 et
756 575 826 629 qui
850 574 1149 615 aduocationes
1177 575 1275 614 sunt
1301 572 1556 626 praestituri.

211 636 252 676 in
275 635 500 676 iudicando
522 638 663 675 autem
687 633 963 687 mensor[em]
992 633 1151 674 bonum
1172 632 1310 672 uirum
1334 633 1376 672 et
1399 631 1556 672 iustum

210 709 334 750 agere
361 694 484 735 debet
516 708 652 748 neque
679 695 767 734 ulla
793 693 1027 734 ambitione
1054 695 1127 733 aut
1160 691 1356 732 sordibus
1384 690 1558 741 moueri,

211 768 379 795 seruare
407 753 650 807 opinionem
678 757 720 793 et
749 753 830 792 arti
863 755 904 792 et
936 751 1137 793 moribus.
1190 756 1316 791 Omnis
1343 756 1401 790 illi
1427 756 1557 790 artifici

210 811 349 846 ueritas
370 811 615 845 custodienda
639 812 704 853 est,
732 809 891 843 exclusis
917 809 992 842 illis
1019 807 1341 849 similitudinibus,
1368 817 1464 851 quae
1490 805 1559 840 fal-

210 879 272 903 sae
303 879 370 912 pro
404 868 502 901 ueris
534 866 777 900 subiciuntur.
836 857 1007 912 quidam
1043 859 1155 898 enim
1190 872 1265 911 per
1301 856 1557 910 imperitiam

213 919 384 974 quidam
406 934 481 973 per
501 918 795 972 inpudentiam
816 920 1008 970 peccant:
1033 919 1171 957 totum
1192 919 1333 957 autem
1354 916 1434 956 hoc
1455 915 1559 955 iudi-

213 978 335 1020 candi
356 978 547 1019 officium
568 980 610 1018 et
634 977 850 1017 hominem
872 979 913 1016 et
937 975 1141 1017 artificem
1163 975 1297 1030 exigit
1317 972 1559 1029 egrngium.

213 1040 303 1079 erat
329 1037 632 1091 aequissimum
663 1038 704 1076 et
737 1036 781 1076 in
808 1034 1169 1088 aduocationem]
1200 1035 1204 1086 Ι
1233 1033 1407 1075 eandem
1434 1032 1559 1074 fidem

212 1097 404 1138 exhiberi
436 1104 471 1137 in
501 1102 792 1137 controuersiam
819 1110 842 1135 a
868 1093 1146 1135 mensoribus.
1193 1093 1265 1134 sed
1290 1092 1372 1133 hoc
1398 1106 1561 1145 posses-

212 1171 328 1197 sores
349 1169 485 1209 aequo
509 1155 652 1196 animo
673 1155 782 1195 ferre
802 1168 888 1195 non
910 1155 1105 1207 possunt:
1131 1167 1228 1193 nam
1251 1166 1345 1192 cum
1366 1151 1434 1192 his
1454 1151 1562 1192 ueri-

212 1219 277 1256 tas
291 1215 483 1268 exposita
496 1217 571 1266 est,
584 1214 786 1255 aduersus
801 1213 1088 1254 sinceritatem
1103 1212 1205 1252 artis
1220 1211 1357 1251 facere
1370 1212 1540 1265 cogunt.
1556 1212 1558 1246 ἶ

272 1339 356 1365 1-6
382 1335 615 1366 ‘retractatum
638 1332 677 1363 ἰἶφι1
698 1330 836 1364 Comm.
854 1331 1054 1371 70,19—21
1134 1333 1233 1371 7—p.
1249 1333 1328 1370 51,3
1355 1326 1490 1361 Comm.
1508 1329 1563 1366 70,

215 1383 353 1413 21—34
380 1379 534 1422 eoeceptis
560 1384 679 1411 16—17
708 1380 788 1411 erat
815 1376 1079 1420 aequissimum
1104 1395 1146 1399 ——
1168 1395 1213 1399 —-
1238 1385 1259 1408 a
1284 1373 1514 1408 mensoribus

215 1433 334 1469 7-13,
361 1433 500 1465 13—14,
527 1437 561 1469 p.
578 1432 722 1466 51,1—-3
749 1424 811 1458 Bo.
833 1427 912 1466 403,
929 1427 1017 1457 6-7
1048 1425 1104 1466 (=
1126 1425 1164 1465 F>
1274 1428 1310 1454 13
1336 1421 1562 1465 imperitiam

213 1475 258 1518 ef.
286 1477 412 1517 30,22.
441 1477 496 1514 33,
515 1476 556 1506 18
654 1479 690 1505 19
716 1473 760 1515 cf.
790 1474 844 1512 38,
861 1475 904 1504 24
932 1470 1023 1504 artis
1051 1469 1244 1503 sinceritas

273 1587 288 1613 1
317 1579 465 1624 singula
490 1581 528 1613 et
555 1579 711 1614 tractari
736 1581 817 1621 AB,
850 1577 1000 1621 singula
1025 1574 1248 1621 pertractari
1274 1578 1300 1608 P
1408 1581 1427 1608 3
1451 1574 1565 1618 perti-

215 1628 343 1661 nentia
376 1628 462 1661 sunt
493 1627 643 1672 conieci]
677 1626 866 1670 pertinent
898 1625 909 1658 i
941 1635 1040 1658 nune
1072 1626 1155 1666 AB,
1187 1623 1200 1656 i
1226 1633 1323 1656 nunc
1354 1622 1432 1656 secl.
1462 1621 1562 1656 Goes.

217 1676 285 1709 La.
408 1682 425 1708 5
457 1674 685 1718 praestanda
711 1676 791 1714 AB,
824 1671 1066 1717 prestandum
1097 1672 1154 1704 est
1183 1674 1210 1703 F
1333 1676 1347 1702 7
1375 1671 1500 1703 tamen
1526 1672 1564 1710 F,

215 1722 386 1756 tamende
411 1725 450 1764 A,
477 1721 690 1755 tamendem
717 1724 743 1753 B
766 1721 771 1765 Ι
794 1719 946 1754 artificis
972 1722 1045 1760 AB,
1073 1729 1138 1753 om.
1159 1721 1184 1750 P
1207 1718 1211 1760 Ι
1235 1718 1272 1750 et
1297 1728 1363 1752 om.
1384 1720 1411 1749 E
1484 1722 1502 1749 8
1528 1717 1566 1750 et

216 1770 280 1813 qui
307 1769 565 1803 aduocationis
592 1770 679 1802 sunt
704 1767 921 1812 praestituri
948 1769 1027 1808 AB,
1062 1768 1098 1800 et
1124 1764 1188 1809 qui
1215 1766 1320 1807 (quos
1340 1765 1424 1802 Bo.)
1451 1763 1566 1797 aduo-

217 1819 304 1851 cant
328 1818 371 1850 ut
398 1817 649 1860 praestatores
676 1819 702 1848 F
815 1821 834 1848 9
861 1825 1006 1849 mensor
1032 1817 1073 1855 P,
1105 1822 1310 1847 mensorem
1337 1814 1433 1843 ΑΒΕ
1459 1811 1528 1845 La.
1559 1810 1562 1855 Ι

216 1864 334 1898 bonus
360 1864 418 1897 uir
445 1865 482 1897 et
507 1863 626 1897 iustus
653 1867 678 1896 P
783 1869 820 1895 10
846 1862 959 1896 debet
984 1864 1061 1903 BP,
1094 1860 1231 1894 debent
1256 1862 1301 1900 A,
1335 1858 1565 1892 diuersorum

216 1912 307 1945 fides
328 1911 541 1955 quaerenda
567 1913 623 1944 est
648 1914 676 1943 F
695 1911 769 1953 (sed
795 1910 835 1943 i‘n
862 1910 1024 1954 maryine
1050 1908 1171 1942 eadem
1197 1917 1309 1941 manu
1328 1906 1502 1949 scriptum
1525 1905 1565 1938 In

216 1959 417 1993 iudicando
451 1960 575 1992 autem
608 1957 896 2002 argimensorem
931 1957 1064 1990 bonum
1099 1965 1179 1988 esse
1209 1953 1372 1996 debere);
1405 1964 1472 1987 om.
1495 1953 1563 1987 Bo.

218 2007 291 2049 (sed
317 2018 352 2040 u.
375 2010 418 2040 11
447 2010 527 2049 post
552 2005 717 2039 moribus
746 2005 850 2039 habet
876 2003 1019 2046 debet);
1052 2002 1122 2036 La.
1149 2002 1256 2035 decet
1369 2006 1402 2032 11
1429 2002 1467 2034 et
1493 1999 1565 2034 arti

218 2056 298 2095 AB,
331 2054 368 2087 et
395 2054 474 2087 arte
499 2057 541 2096 P,
574 2052 701 2087 metris
728 2055 754 2085 F
782 2054 786 2095 Ι
816 2051 935 2085 omnis
962 2050 1058 2084 enim
1087 2048 1238 2083 artificis
1264 2052 1307 2091 F,
1341 2047 1439 2081 omni
1467 2047 1565 2080 enim

219 2100 352 2135 artifici
380 2101 447 2135 Ro.
545 2107 581 2133 13
609 2098 836 2144 imperitiam
863 2101 975 2139 ABP,
1007 2095 1297 2140 imprudentiam
1323 2098 1350 2127 F
1446 2101 1481 2127 14
1510 2094 1564 2128 in-

219 2147 437 2193 pudentiam
464 2150 578 2189 ABP,
611 2146 810 2181 auaritiam
837 2149 879 2187 F,
912 2143 1140 2189 imperitiam
1167 2144 1235 2178 Bo.
1341 2148 1377 2175 15
1404 2141 1565 2175 officium

220 2197 257 2230 et
282 2195 469 2229 hominem
491 2197 527 2228 et
547 2195 625 2240 AB]
652 2194 839 2228 hominem
864 2196 890 2226 F
913 2195 916 2235 Ι
940 2192 1065 2236 exiget
1090 2195 1129 2231 E,
1157 2190 1308 2234 exigent
1332 2192 1358 2222 F
1425 2196 1462 2222 16
1488 2190 1568 2222 erat

221 2243 319 2277 enim
345 2242 611 2285 nequissimum
639 2246 665 2274 Ε
775 2247 895 2274 16-17
925 2240 970 2273 de
997 2239 1126 2273 eadem
1154 2237 1225 2271 fide
1251 2236 1288 2270 in
1316 2235 1568 2270 controuersia

221 2289 452 2325 mensoribus
484 2293 510 2322 Ε
634 2296 670 2322 19
703 2289 774 2333 est]
807 2288 920 2322 fuerit
952 2290 1011 2320 FP
1046 2288 1050 2329 1
1086 2286 1224 2330 cogunt
1252 2288 1294 2323 P,
1332 2286 1468 2327 cogant
1494 2285 1567 2325 AB,

223 2339 404 2382 eoguntur
430 2340 456 2369 Ε

1588 703 1618 727 10

1590 986 1620 1010 15
