1669 2545
34 760 68 785 10

33 1056 66 1082 15

33 1352 68 1378 20

94 102 155 136 La.
178 105 233 144 33,
248 105 374 143 4—-34,
391 104 410 134 3
520 100 586 134 DE
614 99 741 134 ARTE
768 99 1016 134 MENSORIA
1248 102 1314 134 AF
1392 101 1442 141 17

96 211 223 251 finem
247 209 488 264 perducere.
533 207 731 249 omnibus
755 211 896 248 autem
923 209 1223 249 interuersuris
1246 209 1444 250 teti-antis

94 269 236 310 locum
269 268 595 323 perpendiculus
628 267 834 307 ostendat.

156 327 468 382 Cuiuscumque
505 326 589 368 loci
628 340 825 367 mensura
860 326 1023 381 agenda
1054 327 1201 377 fuerit,
1239 342 1335 367 eum
1369 327 1445 368 cir-

95 388 253 428 cumire
280 389 377 427 ante
404 386 546 427 omnia
572 388 755 439 oportet,
778 383 840 439 let
867 385 918 425 ad
945 399 1090 426 omnes
1118 387 1297 440 angulos
1326 387 1448 440 signa
1475 390 1553 425 Asi

94 461 269 501 ponere,
313 459 419 500 quae
460 446 713 486 normaliter
757 458 807 484 ex
851 444 992 499 rigore
1037 448 1259 499 cogantur,
1304 445 1445 499 posito

97 506 243 547 deinde
270 508 311 546 et
342 519 548 559 perpenso
580 504 838 544 ferramento
870 504 1055 558 rigorem
1090 503 1320 545 secundum
1351 518 1445 556 pro—

93 565 208 605 ximo
241 565 363 605 lateri
395 563 572 616 dictare,
601 562 604 618 Ι
634 566 675 603 et
707 563 860 603 moetz's
894 562 1126 603 conlocatis
1158 563 1361 616 respectis
1389 564 1444 604 .in
1472 567 1565 601 Fw

93 624 268 665 alteram
294 626 458 677 partem
486 624 670 678 rigorem
693 622 875 674 mittere,
902 622 987 675 qui,
1014 636 1110 662 cum
1131 622 1183 662 ad
1209 625 1444 663 extremum

93 683 347 737 peruenerit,
378 682 613 736 parallelon
644 681 774 735 primi
806 681 962 736 rigoris
995 680 1190 734 excipiat.

154 741 236 783 Sed
267 743 303 783 si
335 742 380 782 in
412 742 553 797 rigore
583 741 781 782 dictando
809 740 1015 794 quaedam
1049 740 1276 781 deuitanda
1308 740 1444 781 incur-

93 804 204 855 runt,
236 803 381 856 ualleS,
413 802 507 842 loca
533 800 796 855 confragosa,
825 799 996 840 arbores
1024 814 1128 853 quas
1154 802 1333 853 propter
1358 815 1446 840 mo-

92 876 182 901 ram
215 863 289 901 aut
319 861 507 902 fructum
540 859 755 901 succidere
787 873 873 900 non
907 861 1086 913 oportet,
1118 860 1214 900 item
1245 858 1446 911 aedificia,

93 919 312 973 maceriae,
349 922 494 973 petrae
527 922 600 959 aut
631 922 797 960 montes
831 921 872 959 et
902 918 970 959 liis
1003 917 1176 971 similia,
1210 918 1313 959 haec
1346 932 1446 971 qua-

93 994 272 1033 cumque
315 978 481 1020 ratione
527 979 687 1033 optime
734 978 922 1031 poterint
972 992 1213 1018 mensuram
1258 978 1446 1031 accipere

94 1038 318 1080 debebunt.
532 1080 538 1085 ⁸

153 1097 198 1139 Si
230 1098 358 1138 fuerit
392 1110 492 1151 ergo
525 1097 651 1138 uallis
679 1111 785 1150 quae
818 1099 1092 1149 conspectum
1128 1095 1292 1150 agentis
1325 1110 1446 1136 exsu-

93 1159 225 1210 peret,
258 1171 332 1210 per
358 1157 494 1209 ipsam
521 1155 672 1196 moetis
707 1155 757 1195 ad
793 1156 1097 1196 ferramentum
1130 1155 1338 1208 adpositis
1366 1156 1447 1196 erit

94 1215 441 1257 descendendum.
498 1215 618 1256 cuius
650 1215 805 1269 rigoris
846 1214 1055 1255 incessum
1089 1217 1136 1255 ut
1169 1214 1445 1256 sescontrario

95 1289 340 1329 aequemus,
378 1273 600 1328 adf[l]icta
631 1276 729 1314 ante
767 1274 878 1314 linea
910 1274 961 1313 ad
994 1273 1229 1327 capitulum
1262 1274 1446 1327 perticae

93 1334 327 1387 aequaliter
364 1334 415 1374 ad
453 1333 799 1387 perpendiculum
845 1334 1064 1374 cultellare
1103 1332 1320 1385 debemus,
1358 1337 1445 1374 tum
1470 1335 1547 1370 E2o

93 1394 152 1434 ad
174 1407 443 1447 permensum
470 1393 655 1447 rigorem
684 1392 909 1433 extendere
935 1392 1104 1445 lineam,
1138 1406 1264 1446 quam
1292 1392 1336 1432 in
1362 1391 1447 1432 cul-

92 1452 261 1506 t<r>um
296 1453 481 1493 locatam
520 1451 848 1505 perpendiculus
887 1451 1163 1507 adsigna[n]t.
1213 1466 1311 1492 nam
1345 1466 1447 1505 quo-

152 1611 169 1637 2
190 1604 431 1638 ostendat....
448 1607 476 1636 A
538 1611 555 1637 4
577 1614 691 1648 agnos
706 1607 735 1636 A
794 1610 811 1636 5
833 1606 1016 1648 cogantur
1029 1606 1068 1643 A,
1090 1605 1292 1647 aguntur-F
1352 1610 1370 1636 6
1391 1614 1446 1637 se—

94 1651 254 1685 cundum
276 1654 315 1694 A,
342 1651 388 1685 ob
412 1651 615 1685 secundum
635 1655 661 1684 F
735 1658 819 1683 6-7
847 1650 1015 1694 proximo
1038 1651 1120 1693 La„
1147 1650 1308 1684 maximo
1336 1654 1398 1684 AF

113 1702 225 1725 maetas

95 1741 110 1767 7
144 1736 181 1768 et
207 1734 408 1768 conlocatis
438 1734 616 1778 respectis
644 1737 689 1774 A,
723 1735 760 1767 et
787 1733 989 1768 conlocatis
1018 1734 1155 1778 ereptis
1182 1738 1225 1774 F,
1260 1735 1296 1767 et
1323 1733 1446 1767 conlo-

93 1782 187 1816 catis
214 1782 322 1816 metis
345 1782 497 1824 Scriver,
517 1782 588 1816 La.
661 1788 680 1814 9
707 1781 870 1825 excipiat
895 1785 935 1820 A,
963 1783 1071 1815 exeat
1097 1785 1122 1814 F
1195 1787 1232 1813 10
1259 1781 1323 1814 sed
1350 1781 1380 1814 si
1407 1783 1446 1823 A,

94 1830 132 1863 et
152 1840 215 1863 seu
236 1833 262 1862 F
285 1832 289 1870 Ι
313 1829 517 1863 deuitanda
533 1832 573 1871 A,
595 1829 802 1863 dubitando
823 1833 849 1862 F
911 1836 1017 1862 11-12
1037 1840 1141 1863 mora
1161 1832 1187 1861 F
1248 1835 1284 1860 12
1304 1827 1446 1861 fructus

94 1877 234 1911 succidi
260 1887 334 1910 non
360 1878 515 1920 possunt
540 1881 566 1909 F
598 1878 602 1920 1
636 1877 729 1910 item
756 1877 844 1919 Lm,
877 1887 963 1910 nam
989 1880 1053 1909 AF
1149 1883 1186 1908 13
1212 1876 1303 1910 haec
1330 1879 1376 1915 A,
1411 1877 1447 1909 et

93 1923 185 1958 haec
210 1928 237 1957 F
333 1931 455 1957 13—14
483 1924 705 1967 quicumque
732 1927 771 1967 A,
799 1934 1056 1968 quaecumque
1083 1927 1120 1965 F,
1147 1934 1236 1957 corr.
1258 1923 1399 1958 Seriver

93 1977 130 2004 14
154 1971 293 2015 poterit
318 1975 344 2004 F
440 1978 477 2004 16
507 1971 535 2005 si
568 1972 662 2005 fiunt
694 1982 781 2016 ergo
814 1971 932 2005 ualles
959 1974 988 2003 A
1023 1974 1026 2010 Ι
1063 1972 1304 2014 conspectum
1330 1973 1375 2011 A,
1409 1969 1447 2002 in

94 2020 295 2062 conspectu
320 2022 347 2052 F
454 2025 575 2052 16—17
603 2020 800 2063 exsuperet
825 2022 861 2061 F,
896 2020 1069 2062 exoperet
1095 2021 1124 2050 A
1233 2024 1269 2050 18
1296 2017 1445 2050 descen—

95 2065 258 2099 dendum
283 2070 321 2109 F,
352 2066 624 2101 dicendendum
650 2069 679 2099 A
701 2070 705 2110 1
728 2067 919 2100 incensum
946 2069 974 2098 A
998 2068 1001 2108 Ι
1026 2064 1303 2099 sisincontrario
1330 2067 1377 2107 A,
1409 2074 1446 2097 se

94 2112 134 2146 in
160 2114 343 2147 contrario
369 2117 406 2155 F,
439 2125 527 2148 corr.
553 2114 622 2148 La.
721 2120 757 2146 19
784 2124 902 2156 aeque
928 2117 957 2146 A
986 2115 991 2156 l
1020 2112 1171 2146 adflicta
1198 2114 1284 2145 ante
1311 2115 1348 2153 F,
1383 2111 1445 2144 ad-

95 2159 269 2194 flectante
295 2163 334 2202 A,
361 2172 450 2195 corr.
472 2162 541 2195 La.
567 2164 570 2204 Ι
594 2161 839 2205 adcapitulum
866 2164 905 2202 A,
932 2159 1136 2203 capitolum
1162 2163 1188 2192 F
1268 2165 1306 2192 20
1333 2158 1379 2191 ad
1406 2161 1445 2198 A,

96 2208 135 2241 et
159 2211 186 2240 F
258 2214 381 2242 20—21
406 2210 486 2242 tum
507 2209 555 2242 ad
576 2220 811 2252 permensum
832 2209 919 2253 La.]
946 2218 1032 2241 nam
1053 2209 1090 2240 et
1111 2217 1335 2251 perpensum
1355 2209 1417 2238 AF
1440 2237 1442 2249 Ι

96 2253 196 2288 linea
215 2254 254 2288 in
270 2267 382 2299 quam
396 2259 435 2297 A,
455 2255 593 2289 lineam
612 2255 651 2289 in
666 2267 740 2299 qua
753 2259 789 2296 F,
811 2260 949 2298 transp.
967 2256 1036 2289 La.
1111 2261 1148 2286 22
1169 2253 1326 2287 cultrum
1347 2252 1445 2286 loca-

96 2302 174 2336 tam
200 2302 284 2347 La.]
317 2303 459 2336 cultum
486 2303 609 2337 locum
635 2306 698 2335 AF
807 2310 843 2335 2⁶3
870 2300 1147 2346 perpendiculis
1174 2304 1220 2342 A,
1253 2311 1343 2334 corr.
1365 2299 1411 2331 A²
1438 2301 1442 2344 Ι

97 2349 299 2394 adsignant
323 2353 363 2392 A,
392 2349 612 2395 adsignatus
638 2354 664 2382 F

171 2414 284 2445 Corpus
304 2415 464 2447 agrimens.
482 2415 606 2440 Roman.
627 2416 649 2439 Ι.
1189 2410 1207 2439 2
