1669 2545
186 69 242 112 56
317 67 380 113 ep
707 66 1019 103 COMMENTVM
1224 67 1286 101 La.
1303 72 1335 108 5,
1350 71 1478 111 24—6‚
1493 70 1537 102 25

187 178 308 210 natur.
347 175 519 210 ‘Finitur
544 185 631 219 ergo
657 174 854 209 secundum
886 176 1077 217 antiquam
1109 174 1393 208 obseruationem
1418 174 1536 217 flumi-

187 224 307 266 nibus,
333 224 451 266 fossis,
477 223 670 264 montibus,
695 223 781 263 uiis,
807 221 998 256 arboribus
1018 224 1102 255 ante
1121 222 1251 263 missis,
1277 232 1458 266 aquarum
1484 221 1538 255 di-

187 272 342 316 ueryiis,
373 274 405 305 et
436 281 499 313 per
529 281 569 303 ea
603 270 681 304 loca
712 280 804 312 quae
836 269 1042 312 antiquitus
1068 280 1090 302 a
1115 279 1314 312 possessor-3
1340 271 1540 312 potuerunt

189 318 371 353 obtineri’.
410 327 582 350 mensura
611 327 698 360 ergo
730 315 828 350 hunc
855 326 986 360 agrum
1018 315 1170 349 minime
1198 317 1323 349 actum
1350 326 1429 350 esse
1455 326 1539 350 con-

190 365 366 410 spicimus
393 365 490 398 sicut
515 366 655 398 ceteros
676 374 801 408 agros:
825 363 1048 397 ‘interuentu
1067 374 1155 396 uero
1177 363 1300 397 licium
1315 366 1453 407 postea,
1475 373 1540 408 per

189 425 228 448 ea
256 413 335 447 loca
360 412 491 456 quibus
516 423 614 446 nunc
638 412 775 454 finitur,
803 422 846 444 ex
873 410 1026 444 arbitrio
1052 411 1223 445 terminos
1248 411 1393 454 accepit.
1426 411 1465 444 in
1484 410 1540 444 his

191 462 315 494 autem
336 460 436 505 ayt-is
458 460 598 493 nullum
617 460 676 493 iuss
694 459 962 493 subseciuorum
982 458 1205 493 interuenit'.
1233 459 1333 492 recte
1353 468 1439 502 ergo
1455 456 1540 492 sub-

191 507 355 542 seciuum
385 506 612 540 interuenire
643 517 717 540 non
748 505 889 549 potuit,
923 505 1010 548 quia
1041 515 1213 539 mensura
1243 506 1348 539 actus
1373 516 1445 538 non
1473 506 1540 546 est,

192 555 236 589 de
263 566 335 599 quo
362 564 552 588 remanere
579 556 643 587 aut
670 553 858 587 subsecari
885 551 1030 596 aliquid
1055 552 1249 596 potuisset.

253 607 502 642 ‘Subseciuum
535 611 586 641 est
615 607 711 651 quod
736 618 759 640 a
784 607 990 641 subsecante
1023 607 1118 640 linea
1143 617 1272 640 nomen
1298 606 1433 649 accepit
1458 605 1541 640 sub-

134 685 147 690 -
192 657 362 690 seciuum.
396 655 526 688 horum
545 654 813 688 subseciuorum
837 654 840 698 Ι
864 653 936 688 duo
960 658 1048 688 sunt
1071 664 1222 698 9enera;
1247 664 1360 687 unum
1381 653 1476 696 quod
1501 654 1539 687 in

192 704 358 738 extremis
383 703 652 747 assignatorum
677 702 805 743 finium
834 703 999 735 centuria
1024 701 1161 745 expleri
1185 712 1258 734 non
1281 700 1429 744 potuit’.
1463 698 1542 733 Hoc

192 750 383 784 inuenitur
402 749 429 783 L
451 752 488 783 et
507 749 567 782 LX
589 749 771 782 contineri
797 748 1000 793 iugeribus,
1027 749 1064 781 et
1090 748 1261 791 quamuis
1282 747 1416 792 exigua
1435 748 1543 791 parte

192 798 315 832 minus
346 796 459 830 fuerit
488 797 683 830 inuentum
711 796 866 830 dimidio
894 795 1100 838 centuriae,
1133 794 1368 829 subseciuum
1395 794 1542 828 dicitur.

193 845 248 879 ita
273 846 400 878 tamen
426 844 456 878 si
482 844 647 887 spatium
672 843 793 877 maius
820 843 942 885 fuerit,
970 853 1103 877 nomen
1130 842 1317 876 centuriae
1344 852 1416 875 non
1444 852 1544 876 care-

192 892 258 927 bit.
293 904 379 925 nam
399 891 490 925 haec
517 891 713 925 subseciua
739 892 776 924 et
802 901 976 924 concessa
1002 890 1220 934 plerumque
1246 889 1488 923 inueniuntur
1507 891 1544 922 et

192 939 352 981 reddita,
376 939 503 982 aliqua
524 938 733 983 assignata:
760 949 846 971 nam
867 939 903 971 et
924 948 1073 971 censum
1093 937 1277 981 quaedam
1296 948 1362 980 pro
1383 947 1448 970 suo
1469 947 1543 970 mo-

195 986 282 1021 dulo
309 988 560 1030 susceperunt.
594 986 796 1019 secundum
816 984 921 1018 illam
941 995 1028 1018 uero
1049 985 1227 1019 maiorem
1253 984 1544 1028 assignationem

195 1034 431 1069 subseciuum
445 1033 565 1067 maius
581 1035 729 1067 centum
744 1033 873 1077 iugera
888 1032 1029 1066 dictum
1044 1034 1111 1073 est,
1130 1031 1362 1066 subseciuum
1383 1031 1504 1065 minus
1518 1030 1544 1064 L

194 1082 325 1127 iugera
350 1082 618 1125 nuncupatum.

257 1135 319 1169 ‘In
339 1135 505 1169 extremis
523 1144 611 1168 uero
632 1135 902 1179 assignatorum
921 1133 1067 1176 finium’
1086 1135 1128 1166 ut
1149 1132 1199 1166 sit
1217 1132 1460 1177 assignatum,
1482 1133 1546 1165 aut

196 1193 291 1226 quae
325 1183 373 1216 sit
405 1181 637 1222 extremitas,
669 1181 874 1215 uideamus.
920 1180 1144 1214 Extremitas
1170 1179 1329 1213 finitima
1353 1179 1453 1213 linea
1479 1181 1546 1221 est,

197 1241 293 1274 quae
324 1229 528 1263 interuenit
560 1231 625 1263 aut
655 1240 721 1272 per
751 1228 822 1262 iter
853 1227 1063 1272 publicum,
1099 1227 1198 1271 quod
1229 1226 1442 1261 transcendi
1473 1237 1546 1260 non

1175 1347 1191 1360 f)

255 1355 339 1381 1-—4
366 1347 530 1382 Frontin.
550 1351 581 1389 2,
597 1350 711 1380 9—12
739 1350 796 1391 (=
818 1350 853 1388 P,
883 1347 945 1380 sed
970 1347 1011 1380 in
1036 1357 1144 1381 uersu
1170 1360 1190 1379 ο
1225 1346 1405 1379 lectionem
1430 1346 1548 1390 ylo-ssa

197 1400 405 1440 corruptam
432 1396 468 1429 et
494 1395 524 1428 si
552 1405 625 1437 qua
651 1393 733 1428 loca
761 1394 845 1439 [hoc
867 1396 922 1427 est
942 1393 1054 1439 quae]
1082 1394 1168 1426 ante
1194 1396 1447 1427 commentator
1472 1403 1547 1427 cor-

196 1445 311 1488 riyere
342 1443 485 1477 studuit
515 1442 701 1477 scribendo
734 1443 771 1475 et
801 1452 867 1485 per
900 1452 943 1475 ea
974 1440 1057 1474 loca
1089 1450 1185 1484 quae
1218 1439 1450 1483 antiquitus).

198 1498 282 1524 5-7
304 1490 661 1529 Frontin.2,13—-l5
729 1495 851 1521 10——12
879 1488 1236 1528 F1-0ntin.-2,16—19
1301 1493 1425 1520 13—20
1444 1486 1548 1521 Haec

200 1539 268 1572 La.
279 1542 360 1579 110,
371 1539 578 1578 17—111,2
593 1537 744 1581 Hygino
758 1537 898 1576 tribuit,
915 1540 947 1570 et
962 1538 1105 1570 19—20
1121 1534 1317 1569 secundum
1334 1535 1445 1569 uerba
1461 1535 1549 1579 Ieyz's

200 1586 476 1620 triumuirorum
498 1584 567 1618 La.
583 1586 666 1626 213,
682 1587 774 1618 1—3
798 1585 849 1617 ita
871 1584 1043 1618 correxit:
1069 1582 1303 1616 subseciuum
1324 1582 1443 1615 maius
1465 1592 1548 1615 cen-

198 1641 278 1667 tum
295 1633 425 1677 iugera
439 1631 461 1661 ὅ
467 1643 532 1675 pro
548 1630 740 1677 centuria>
755 1631 929 1676 [dictum]
949 1632 1014 1672 est,
1030 1629 1265 1663 subseeiuum
1284 1628 1412 1675 <non>
1426 1629 1548 1662 minus

200 1680 226 1713 L
253 1679 443 1725 iugeribus
464 1679 557 1725 <pro
579 1678 734 1711 dimidia
757 1678 950 1723 centuria>
971 1676 1269 1723 [nuncupatum]
1304 1677 1404 1710 Mihi
1423 1681 1550 1711 contra

199 1730 453 1762 commentator
471 1728 511 1760 in¹
537 1738 567 1761 v.
585 1730 722 1760 13—15
745 1727 856 1760 uerba
882 1726 984 1759 illius
1003 1725 1090 1769 leyis
1109 1724 1178 1758 La.
1193 1726 1276 1765 213,
1292 1727 1311 1758 1
1338 1723 1438 1768 quod
1464 1723 1549 1757 sub-

201 1775 355 1808 siciuum
374 1774 533 1818 amplius
551 1774 680 1818 iugera
695 1772 720 1807 C
736 1773 806 1806 erit
821 1784 887 1817 pro
906 1773 1073 1807 centuria
1086 1771 1288 1816 procedito,
1309 1772 1349 1805 in
1365 1782 1395 1805 v*
1411 1773 1547 1804 16—17

204 1823 309 1857 uerba
337 1822 484 1866 Hyyini
507 1824 566 1863 96,
582 1823 736 1862 15—97,
755 1823 776 1854 5
802 1820 1089 1855 circumscribere
1115 1819 1272 1860 uidetur,
1298 1819 1338 1852 in
1363 1830 1392 1853 v.
1411 1820 1549 1851 18-*20

202 1870 352 1913 denique
384 1870 562 1903 Frontina?
593 1869 838 1911 definitionem
867 1871 902 1909 2,
921 1869 1065 1902 18—19
1097 1866 1296 1909 explicare:
1326 1866 1550 1900 subsiciuam

201 1917 275 1951 dici
297 1916 411 1960 ‘quod
435 1916 601 1950 centuria
625 1914 764 1959 expleri
783 1926 858 1949 non
878 1915 1030 1959 potuit',
1054 1915 1133 1948 siue
1152 1913 1310 1956 amplius
1331 1913 1361 1948 C
1377 1914 1450 1958 iay.
1471 1914 1549 1947 siue

201 1966 322 1998 minus
348 1964 381 1998 L
407 1965 481 2008 inq.
507 1965 564 1998 sit.
609 1965 779 1997 irzaiorem
805 1966 924 1997 autem
955 1963 1049 1996 hanc
1075 1962 1235 2005 appellat
1268 1961 1549 2004 assiynatimzem

197 2016 346 2056 propter
371 2011 411 2045 F
411 2012 542 2045 rontin.
566 2013 731 2052 14,4-—8
757 2031 802 2034 —
828 2009 1005 2043 maiorem
1032 2009 1183 2042 modum
1210 2029 1252 2032 —
1281 2028 1340 2047 —‚
1371 2007 1550 2041 minorem

203 2080 246 2083 —
267 2057 539 2092 triumuiralem
559 2079 602 2082 —
676 2064 711 2090 21
739 2057 902 2091 Frontin.
925 2060 956 2095 2,
972 2059 1013 2090 18
1087 2062 1220 2099 22—-p,
1236 2061 1285 2096 52,
1300 2061 1318 2087 8
1343 2055 1411 2089 La.
1432 2057 1550 2097 72,24

212 2128 231 2130 ν
254 2108 309 2148 73,
321 2108 342 2139 3
357 2106 524 2150 Ayennz'o
539 2123 582 2134 =
596 2107 805 2147 41,15—24
822 2104 1006 2138 Frontino
1024 2103 1171 2145 tribuit;
1189 2102 1250 2136 sed
1267 2102 1378 2136 uerba
1393 2105 1448 2143 57,
1460 2104 1548 2135 1—2

204 2165 247 2188 ex
272 2153 449 2187 Frontino
478 2156 531 2194 10,
549 2156 638 2186 7-8
664 2156 808 2196 sumpta
833 2156 935 2193 sunt,
962 2155 1017 2192 57,
1033 2154 1123 2183 6-7
1151 2153 1239 2184 certe
1265 2150 1551 2184 commentatoris

264 2278 299 2304 14
325 2271 447 2305 minus
473 2271 560 2316 La]
588 2270 727 2304 minore
754 2273 808 2311 Gp
838 2272 841 2310 1
871 2268 1027 2303 dimidio
1053 2268 1140 2313 La]
1168 2267 1212 2301 de
1238 2267 1400 2301 medium
1428 2270 1481 2309 Gp

206 2326 241 2352 15
267 2329 400 2352 nomen
428 2322 481 2360 Gp
510 2319 553 2360 <f-
576 2321 690 2360 70,1;
715 2317 863 2351 nomine
891 2317 957 2351 La.

1568 614 1601 639 10

1570 849 1603 875 15

1571 1086 1604 1112 20

1661 284 1664 339 --,-
1656 113 1663 270 -ᾼ-ῌ-ειλ,
1657 83 1659 85 -
1658 59 1661 62 ,
