1669 2545
18 847 51 872 10

18 1143 50 1168 15

17 1440 51 1464 20

77 77 410 120 La.31,12—32‚3
502 73 566 108 DE
593 73 720 108 ARTE
746 73 995 108 MENSORIA
1223 74 1292 109 AE
1370 75 1422 116 15

77 188 218 227 autem
258 184 553 240 quodcumque
592 183 781 224 coloniae
823 186 887 224 est
927 183 1213 237 adsignatum,
1254 184 1298 224 id
1335 185 1424 232 11111-

76 259 247 286 uersum
281 244 443 298 pertica
474 244 731 298 appellatur:
771 242 979 296 quidquid
1015 241 1115 283 huic
1155 242 1421 284 uniuersitati
1447 272 1525 304 Au

77 303 326 359 adplicitum
354 306 418 345 est
443 316 494 344 ex
526 301 701 344 alterius
729 301 916 342 ciuitatis
942 302 1037 354 fine,
1067 299 1072 356 Ι
1101 300 1210 356 [siue
1239 301 1420 343 solidum
1449 292 1526 352 Gib-

78 363 167 405 siue
193 364 442 404 castellatum
463 360 468 419 Ι
487 361 646 416 fuerit,]
672 361 937 416 praefectura
965 362 1203 414 appellatur
1229 360 1316 417 (fig.
1335 361 1477 417 32).<A
1489 365 1517 399 G
1529 366 1566 409 F)

383 506 501 560 <DE
530 508 706 546 ARTE
737 506 1116 558 MENSORIA.)

135 589 400 643 Principium
429 589 531 630 artis
559 587 790 630 mensoriae
824 588 868 628 in
900 587 1112 643 agendi[s]
1146 588 1335 641 positum
1363 591 1425 628 est
1453 594 1530 627 Ατκ

80 647 84 706 l
108 649 408 703 experimento.
454 648 635 702 exprimi
664 648 774 689 enim
804 647 995 688 locorum
1022 650 1095 688 aut
1127 646 1242 688 modi
1269 647 1424 688 ueritas
1453 654 1481 686 A
1498 663 1529 687 w

77 709 165 749 sine
184 707 548 762 rationa[bi]libus
572 707 696 749 lineis
717 721 804 748 non
829 708 983 761 potest,
1011 707 1212 760 quoniam
1234 707 1422 748 omnium

77 782 272 823 agrorum
315 768 561 809 extremitas
606 766 796 808 flexuosa
837 768 879 807 et
922 765 1196 820 inaequali[s]
1240 764 1425 807 cluditur

76 827 287 881 finitione,
327 841 433 881 quae
471 832 646 881 propter
684 826 938 882 angulorum
973 825 1244 867 dissimilium
1283 824 1424 865 multi-

76 886 266 928 tudinem
304 887 491 927 numeris
530 886 618 927 suis
660 885 931 927 manentibus
971 887 1013 926 et
1053 884 1243 926 cohiberi
1283 887 1426 938 potest

77 948 117 987 et
150 946 335 988 extendi:
366 960 466 987 nam
498 947 591 987 sola
618 944 858 1000 mobile[m]
891 944 1050 986 habent
1079 944 1264 998 spatium
1293 946 1334 985 et
1366 944 1423 984 in*

77 1007 232 1046 certam
266 1006 460 1061 iugerum
487 1005 835 1046 enuntiationem.
888 1004 959 1045 sed
988 1006 1036 1044 ut
1068 1003 1266 1044 omnibus
1293 1005 1424 1044 extre-

76 1064 298 1106 mitatibus
340 1065 500 1119 species
546 1079 622 1106 sua
666 1066 832 1105 constet
875 1066 916 1105 et
960 1064 1071 1104 intra
1116 1062 1223 1105 clusi
1274 1063 1425 1103 modus

77 1124 337 1178 enuntietur,
381 1139 528 1179 agrum
571 1138 654 1178 quo
700 1138 833 1177 usque
877 1122 960 1164 loci
1005 1122 1160 1177 positio
1206 1122 1426 1177 permittet

76 1184 201 1225 rectis
226 1183 351 1224 lineis
377 1183 662 1225 dimetiemur:
696 1197 746 1223 ex
770 1183 923 1237 quibus
950 1183 1187 1237 proximam
1215 1196 1426 1236 quamque

77 1243 409 1284 extremitatium
451 1243 748 1297 obliquitatem
789 1257 865 1297 per
906 1256 1052 1284 onmes
1094 1242 1274 1297 angulos
1315 1241 1427 1282 facta

75 1302 343 1344 normatione
382 1303 706 1357 conplecffimur,
745 1304 787 1343 et
819 1302 1074 1344 eohercitam
1113 1300 1426 1342 mensuralibus

75 1361 256 1415 (lineis)
288 1361 460 1403 statutis
499 1364 612 1403 certo
644 1362 987 1416 praecenturiato
1021 1361 1158 1415 spatio
1200 1360 1333 1401 simili
1364 1361 1427 1401 fu-

76 1423 196 1462 turae
224 1421 431 1463 tradimus
457 1421 635 1462 formae:
668 1421 843 1462 modum
870 1424 1010 1462 autem
1039 1421 1149 1462 intra
1180 1421 1315 1462 lineas
1343 1421 1427 1461 clu-

77 1494 168 1521 sum
208 1483 419 1522 rectorum
458 1480 709 1537 angulorum
750 1480 913 1522 ratione
947 1480 1234 1521 subducimus.
1291 1479 1427 1521 subie-

137 1617 218 1643 1ffl4
247 1610 319 1644 Sic.
341 1610 460 1645 Flaee.
485 1614 563 1652 124,
585 1614 724 1644 22—24

135 1724 151 1750 1
177 1717 215 1751 id
243 1721 286 1760 G,
318 1717 358 1751 in
383 1720 447 1751 AF
568 1725 585 1751 2
612 1717 812 1762 quidquid]
840 1716 938 1751 enim
965 1717 1048 1751 add.
1078 1720 1104 1749 G
1224 1724 1242 1749 3
1269 1718 1324 1750 est
1350 1719 1426 1757 AG,

77 1764 189 1798 fuerit
214 1768 240 1798 F
360 1772 457 1799 3—4
483 1765 605 1800 seclus.
628 1765 697 1799 La.
724 1766 834 1800 uerba
862 1765 1002 1807 addita,
1029 1768 1070 1798 ut
1093 1765 1157 1799 hoe
1181 1765 1425 1809 frctymentum

78 1823 157 1846 cum
173 1813 341 1856 prooeimo
363 1816 469 1856 18‚12
492 1811 718 1847 Cultellandi
735 1812 830 1846 ratio
846 1813 926 1853 eto,
949 1812 1042 1856 qnod
1064 1813 1141 1846 [teni
1158 1813 1195 1846 in
1212 1811 1312 1846 codd.
1333 1811 1426 1853 falso

78 1860 153 1894 illic
176 1861 334 1904 positum
360 1865 419 1903 est,
446 1861 702 1906 coniimyerent
799 1867 816 1893 4
843 1859 1029 1902 utilatum,
1056 1859 1249 1893 tutilatum
1271 1862 1307 1900 G,
1334 1858 1425 1892 titu-

78 1906 196 1941 latum
221 1911 248 1941 F
344 1915 361 1941 5
392 1908 554 1943 Titulum
582 1909 856 1952 perspicuitatis
887 1918 999 1942 causa
1031 1907 1181 1949 acldidi,·
1211 1906 1255 1949 cf.
1284 1907 1423 1950 Ayenn.

78 1955 158 1989 Urb.
178 1956 239 1998 25,
260 1958 282 1989 6
306 1959 339 1990 et
364 1958 386 1989 9
491 1962 510 1988 6
536 1955 626 1989 artis
652 1967 734 1990 sscr.
763 1955 808 1988 A¹
844 1957 847 1999 Ι
882 1954 1062 1988 mensur²e
1088 1957 1133 1995 A,
1166 1963 1360 1987 mensurae
1386 1956 1424 1995 E,

77 2013 167 2037 corr.
183 2002 325 2038 Seriver
410 2010 424 2036 7
453 2004 518 2037 aut
542 2003 644 2037 modi
669 2003 805 2036 veritas
832 2006 871 2043 A,
898 2002 1047 2036 modum
1075 2004 1139 2035 aut
1165 2000 1325 2034 ueritate
1351 2004 1377 2033 Ε

79 2056 97 2082 8
122 2049 364 2084 rationabiles
390 2054 419 2084 A
491 2057 527 2084 1⁶.)
555 2050 632 2084 sola
652 2050 807 2096 Scriver]
835 2050 889 2084 sol
913 2053 952 2091 A,
980 2049 1048 2082 soli
1074 2053 1112 2091 Ε,
1141 2048 1209 2082 soli
1235 2047 1424 2081 immobile

78 2107 167 2131 corr.
188 2096 235 2130 ΔΞ
323 2104 360 2131 13
385 2098 428 2131 ut
452 2101 492 2140 A,
519 2099 556 2133 et
582 2102 609 2132 E
698 2105 732 2131 14
760 2101 797 2131 et
823 2109 887 2132 om.
909 2101 935 2130 E
960 2099 963 2141 Ι
987 2096 1109 2130 clusus
1136 2099 1163 2128 E
1247 2102 1284 2128 15
1311 2105 1425 2128 enun-

79 2143 199 2178 ciatur
229 2148 256 2178 E
291 2146 295 2188 Ι
330 2145 515 2190 permittit
546 2149 574 2179 Ε
695 2152 728 2178 17
757 2145 1030 2179 extremitatem
1063 2147 1144 2184 ΑΕ,
1177 2153 1266 2177 corr.
1295 2143 1365 2176 La.

78 2197 115 2225 18
141 2191 373 2227 coherentem
399 2196 475 2232 ΑΕ,
501 2205 590 2228 corr.
613 2193 681 2226 La.
768 2199 803 2225 19
831 2191 996 2238 (lineis)
1024 2191 1168 2235 addidi]
1197 2190 1264 2223 La.
1294 2189 1424 2223 moetis

73 2250 142 2283 pro
169 2239 319 2274 statutis
345 2241 489 2284 scripsit
511 2243 515 2285 Ι
538 2240 839 2285 praecenturiato
860 2239 945 2284 La]
972 2238 1250 2283 procentemato
1277 2239 1316 2279 A,
1342 2247 1424 2280 pro-

79 2285 256 2321 extimato
283 2291 309 2320 E
333 2290 337 2332 Q
361 2287 481 2321 simile
501 2290 576 2330 AB,
603 2299 693 2322 corr.
710 2288 778 2321 La.
848 2293 972 2320 10-20
998 2286 1161 2319 forturae
1182 2287 1209 2318 A
1278 2291 1310 2317 21
1340 2283 1424 2317 sub-

79 2333 236 2368 dicimus
264 2337 292 2367 A
