1669 2545
46 1045 79 1070 15

111 79 173 113 La.
193 82 271 120 185,
287 81 437 121 5—186,
454 82 473 111 6
628 78 944 113 CONSTITVTIO
1160 79 1301 112 ABEP
1379 79 1459 119 149

110 188 278 241 tonion3
310 202 334 227 a
359 186 570 228 Mercurio
599 186 747 227 deinde
775 187 827 226 ad
856 186 1001 227 lunam
1028 187 1298 240 tantundem,
1330 186 1460 228 hemi-

109 247 277 301 tonion3
312 261 336 286 a
368 246 469 286 luna
501 246 553 286 ad
589 248 744 286 terram
778 248 945 286 tantum
980 250 1186 299 quantum
1219 261 1242 287 a
1274 247 1375 300 polo
1408 246 1459 286 ad

109 305 267 359 Iouem,
294 308 438 346 tonon.
471 306 532 346 sic
557 307 713 345 terram
740 307 947 358 punctum
969 306 1074 346 caeli
1101 320 1191 346 esse
1213 305 1459 347 ostendunt:

108 380 207 406 nam
234 368 275 405 et
304 379 371 405 ars
398 364 559 404 musica
585 378 659 417 per
684 362 790 405 haec
816 364 1067 405 diastemata
1095 368 1287 406 constare
1314 365 1459 405 fertur.

113 424 116 479 ἲ
147 423 235 480 (fig.
258 422 345 478 99.)
1486 428 1574 462 Pesr

169 482 310 524 Solem
330 484 471 524 autem
492 481 742 535 ampliorem
761 482 928 535 aliquot
945 483 1139 536 partibus
1158 497 1285 536 quam
1304 486 1457 523 terram

109 542 372 595 describunt,
405 543 446 581 et
479 540 593 594 quod
624 541 766 594 palam
799 544 863 581 est
896 541 947 582 ab
983 555 1031 583 eo
1062 542 1308 582 inluminari
1337 541 1459 593 diem,

106 604 276 643 noctem
303 615 393 641 esse
420 600 463 640 in
491 599 714 640 dimidium
747 600 881 654 ipsius
909 603 1045 641 terrae
1074 600 1457 641 obumbrationem.

106 660 254 714 polum
282 658 286 714 Ι
316 659 454 713 ipsum
483 659 670 712 quinque
698 659 865 700 circulis
899 659 1098 700 diuidunt
1130 661 1173 700 in
1201 674 1274 700 sex
1306 662 1458 713 partes.
1486 677 1579 710 Am

107 719 216 760 sicut
242 719 302 759 ait
329 717 565 773 Vergilius:

165 789 352 843 quinque
377 792 524 830 tenent
550 789 712 830 caelum
736 788 738 844 l
763 803 902 831 zonae.
937 804 1116 843 quarum
1144 804 1227 830 una
1254 804 1429 831 corusco
1485 819 1574 853 3045

166 863 332 902 semper
357 849 446 889 sole
473 848 629 889 rubens
657 852 698 889 et
724 849 885 889 torrida
913 863 1081 903 semper
1108 849 1160 889 ab
1189 849 1290 904 igni.
1525 846 1538 852 ”

166 923 291 962 quam
319 908 478 949 circum
505 910 718 948 extremae
745 908 894 949 dextra
919 908 1124 961 laeuaque
1152 908 1379 949 trahuntur

164 967 390 1020 caeruleae,
416 966 552 1021 glacie
577 970 798 1008 concretae
824 971 951 1020 atque
978 967 1187 1008 imbribus
1215 970 1330 1009 atris.

163 1026 240 1067 has
266 1026 376 1067 inter
404 1026 671 1080 mediamque
699 1026 803 1067 duae
830 1026 1085 1067 mortalibus
1112 1028 1249 1082 aegris

164 1100 336 1126 munere
364 1099 585 1126 concessae
613 1086 770 1137 diuum,
797 1088 838 1126 et
865 1086 935 1127 uia
961 1089 1076 1127 secta
1101 1101 1176 1140 per
1203 1086 1360 1139 ambas,

165 1144 363 1197 obliquus
391 1158 473 1197 qua
501 1159 544 1185 se
572 1145 792 1200 signorum
820 1148 1005 1186 uerteret
1032 1145 1146 1186 ordo.

165 1214 360 1268 Quinque
393 1230 494 1270 ergo
522 1216 691 1256 circulis
724 1215 828 1256 haec
859 1216 1035 1257 nomina
1067 1216 1305 1271 adsignant.
1347 1232 1456 1257 sum-

105 1289 233 1324 mum,
259 1274 561 1329 frigidissimae
587 1275 721 1329 partis
746 1276 887 1327 finem,
915 1276 1290 1329 septentrionalem
1314 1277 1455 1330 appel-

45 1353 59 1368 ο
103 1335 208 1383 lant3
245 1334 476 1374 secundum
509 1333 561 1374 ab
595 1349 643 1374 eo
671 1334 974 1388 solistitialem3
1008 1335 1061 1375 ab
1093 1335 1176 1376 hoc
1209 1335 1356 1375 deinde
1384 1336 1455 1389 qui

105 1392 290 1433 medium
312 1392 460 1446 polum
483 1393 648 1446 diuidit,
669 1394 1048 1449 aequinoctialem,
1076 1395 1189 1447 quod
1211 1394 1252 1434 in
1275 1409 1370 1435 eum
1392 1394 1455 1435 sol
1481 1434 1571 1469 Bm

163 1516 279 1542 11——17
308 1509 417 1554 Verg.
441 1509 571 1553 Geor-g.
593 1509 608 1542 Ι
636 1513 821 1544 233—239

198 1622 280 1648 1—2
307 1615 495 1649 hemetion
520 1619 558 1657 A,
585 1616 814 1650 aemitonion
840 1620 876 1658 B,
904 1617 1057 1651 he-ium
1083 1621 1118 1658 P,
1148 1618 1273 1651 e-ium
1300 1621 1344 1659 E3
1373 1623 1454 1652 ante

105 1663 328 1697 tantundem
353 1666 378 1696 B
489 1670 506 1696 2
537 1674 558 1696 a
584 1663 711 1698 lunam
738 1667 799 1697 AB
835 1666 838 1708 Ι
875 1664 998 1708 apollo
1025 1667 1123 1697 ABE
1233 1671 1252 1698 3
1277 1667 1392 1699 tonon
1418 1669 1453 1707 Ρ,

103 1710 208 1744 tinon
234 1713 263 1743 A
289 1710 558 1755 <triemitonion
584 1711 665 1756 Al),
700 1711 903 1745 emitonion
928 1715 971 1753 Β,
1005 1723 1070 1746 om.
1092 1716 1120 1745 E
1155 1714 1158 1755 l
1194 1711 1246 1746 sic
1273 1724 1340 1747 om.
1361 1716 1388 1745 E

103 1765 119 1790 4
146 1768 234 1792 nam
260 1768 325 1792 om.
346 1761 372 1790 P
406 1760 410 1802 Ι
445 1759 543 1792 artes
570 1759 731 1793 musicas
758 1762 855 1792 ABE
892 1762 895 1801 1
931 1759 1150 1793 diastimata
1177 1762 1205 1791 A
1311 1767 1329 1793 6
1355 1761 1453 1793 terra

102 1807 128 1837 B
257 1811 270 1838 7
304 1805 432 1838 inlum.
461 1805 560 1839 diem
584 1805 639 1840 Ἶ..
669 1810 695 1839 P
821 1813 838 1839 8
872 1807 1077 1841 obumbr—e
1109 1810 1134 1839 P
1263 1814 1280 1839 9
1313 1807 1451 1852 ipsum]

103 1852 220 1896 ipsius
246 1855 275 1885 A
303 1855 307 1895 l
337 1852 465 1887 circuli
490 1856 516 1885 B
625 1860 662 1886 10
688 1854 741 1887 ait
767 1865 833 1888 om.
855 1858 880 1887 P
909 1856 913 1897 l
942 1854 1114 1898 uirgilius
1141 1857 1201 1886 ΕΡ
1311 1862 1343 1887 11
1372 1864 1451 1888 cae-

102 1898 159 1933 lus
185 1903 225 1941 A,
255 1899 375 1934 caelos
401 1903 426 1932 B
456 1902 459 1941 1
489 1911 561 1934 uno
587 1904 617 1933 A
645 1902 648 1946 Ι
679 1912 851 1935 coruscus
878 1904 903 1934 B
1001 1908 1036 1935 12
1061 1901 1170 1935 rubet
1196 1904 1294 1934 ABE
1325 1904 1328 1945 Ι
1356 1901 1451 1946 igni]

105 1949 161 1980 est
186 1946 269 1981 add.
293 1950 329 1988 Β,
356 1948 394 1981 et
420 1947 537 1981 citera
561 1948 646 1982 add.
668 1952 697 1981 A
799 1955 835 1981 13
862 1950 1024 1982 extrema
1049 1951 1074 1981 B
1103 1950 1108 1992 Ι
1136 1948 1333 1982 trahantur
1358 1952 1387 1981 A

104 2000 138 2026 14
159 1993 350 2027 caeruleae
368 1997 472 2035 BEP,
491 1995 587 2029 c-lea
602 1998 630 2028 A
648 1996 650 2041 j
668 1995 812 2040 glaciae
827 1999 899 2039 ΑΡ,
917 1996 986 2030 hac
1003 1996 1154 2040 gregiae
1168 1998 1193 2028 B
1211 1994 1214 2041 Ι
1233 1995 1338 2040 atris]
1359 1994 1450 2029 utris

104 2051 142 2074 es
168 2043 206 2082 Β,
233 2040 322 2074 diris
349 2041 426 2075 siue
454 2042 571 2076 bati-is
598 2046 626 2075 A
707 2050 740 2076 15
768 2043 863 2077 duae
890 2055 955 2077 om.
977 2047 1002 2076 B
1086 2050 1122 2076 16
1148 2042 1276 2076 diuum
1303 2054 1369 2077 om.
1390 2045 1416 2075 B
1444 2052 1447 2088 j

103 2098 169 2131 per
194 2087 342 2121 umbras
362 2091 424 2121 AB
500 2096 534 2122 17
563 2089 734 2133 obliquos
755 2090 911 2134 (oblicus
931 2093 971 2134 B)
998 2092 1053 2124 est
1080 2090 1142 2134 qui
1168 2101 1236 2124 nec
1262 2090 1450 2133 signorum

104 2135 264 2168 uertitur
277 2135 365 2169 ordo
380 2139 441 2168 AB
459 2135 463 2182 Ι
481 2137 676 2170 uerteritE
735 2144 771 2171 18
792 2138 898 2182 haec]
922 2138 990 2171 hae
1004 2140 1030 2170 B
1092 2144 1201 2171 18—19
1223 2148 1363 2171 summe
1378 2140 1403 2169 B

104 2189 139 2215 19
166 2181 276 2216 finem
301 2183 342 2228 P]
368 2182 511 2226 primae
534 2187 574 2225 A,
601 2185 718 2227 prime
745 2188 771 2217 B
794 2188 797 2228 Ι
822 2184 1112 2229 septentrionale
1138 2188 1176 2225 A,
1205 2184 1398 2228 Septrione
1424 2187 1449 2216 B

151 2236 189 2262 20
216 2229 465 2263 solistitialem
486 2233 559 2272 ΑΒ,
587 2231 641 2265 sol
668 2232 845 2265 stitialem
869 2237 906 2274 P,
933 2232 1144 2266 solsticialis
1168 2235 1195 2264 E
1219 2233 1223 2275 Ι
1247 2231 1292 2265 ab
1320 2231 1390 2264 koc
1410 2234 1448 2271 A,

105 2276 152 2310 ad
178 2277 246 2310 hoc
272 2279 298 2309 B
387 2283 510 2311 20—21
537 2278 583 2312 ab
610 2278 680 2312 koc
701 2299 743 2303 —
767 2300 806 2303 -
830 2279 1142 2323 aequinoctialem
1162 2280 1296 2323 paruis
1322 2279 1449 2312 littem's

103 2324 325 2367 capitalibus
349 2335 432 2359 sscr.
454 2328 482 2357 A
569 2332 603 2358 21
631 2325 767 2359 diuidit
793 2328 830 2360 et
850 2330 924 2368 AB,
951 2326 1095 2359 diuidet
1114 2330 1141 2359 E
1164 2328 1168 2370 Ι
1191 2325 1229 2359 in
1251 2336 1332 2359 eum
1352 2326 1404 2359 sic
1425 2328 1447 2357 0
