1669 2545
82 535 158 569 G17

186 93 241 134 52
317 92 378 137 Gp
701 90 1013 126 COMMENTVM
1221 90 1282 124 La.
1301 96 1330 132 1,
1349 92 1472 131 15-2‚
1489 92 1532 122 16

187 199 423 243 disciplinam
444 199 539 233 hanc
560 198 663 232 uelut
684 198 911 231 suauitatem
932 196 1116 240 quandam
1142 199 1227 240 post
1246 195 1534 230 amaritudinem

186 246 461 290 concupiscant.
1210 252 1212 254 ’

245 294 323 327 Iam
343 305 441 327 nunc
462 304 548 336 ergo
569 303 767 337 pergamus
795 302 987 336 exponere.
1024 292 1221 337 ‘Agrorum
1248 291 1441 334 qualitates
1467 294 1536 324 tres

185 342 268 376 esse’
297 341 440 374 Iulius
474 340 719 374 Frontinus
753 339 917 374 ostendit
949 338 1075 373 dicens
1105 340 1231 373 ‘unam
1258 339 1340 383 ayri
1365 337 1479 371 diuisa·
1504 341 1537 371 et

186 389 392 434 asstynati'.
439 387 632 421 uideamus
664 387 728 430 qui
761 387 810 420 sit
842 397 930 431 ager
957 386 1099 420 diuisus
1127 389 1163 420 et
1189 385 1412 430 assignatus.
1458 383 1535 417 sine

186 436 299 470 dubio
332 435 442 469 uideo
479 435 636 469 alicuius
669 436 825 468 formam
858 433 939 478 agri
970 444 1162 478 magnam,
1199 443 1294 477 quae
1327 432 1449 466 diuisa
1481 433 1536 465 est

186 485 299 527 atque
327 483 518 526 assignata
549 482 585 516 in
614 484 790 526 tempore.
831 483 868 515 et
894 481 965 515 nisi
993 483 1089 515 esset
1115 481 1298 524 quaedam
1330 478 1536 513 materialis

187 531 267 574 agri
293 530 429 570 forma,
457 530 641 573 quomodo
668 531 815 573 poterat
839 531 841 572 Ι
866 529 1010 563 diuidi?
1049 540 1095 562 an
1122 530 1240 562 totum
1268 527 1446 560 mnndum
1473 527 1536 559 aut

186 577 417 622 prouinciam
444 580 562 611 totam
589 577 697 610 unius
724 587 917 620 possumus
946 576 1042 620 agri,
1071 576 1134 619 qui
1162 575 1210 609 sit
1237 574 1390 616 diuisus,
1417 572 1536 617 quali-

185 627 302 659 tatem
323 626 516 669 accipere?
543 624 676 668 atquin
696 625 765 658 hoc
789 624 842 657 ita
863 623 1080 667 intellegere
1101 622 1249 657 omnino
1270 621 1362 656 mihi
1387 620 1538 654 uidetur

188 673 400 713 absurdum,
424 684 465 706 eo
487 672 585 716 qnod
608 671 801 716 subiungit
822 671 996 704 continuo
1017 670 1115 704 idem
1137 670 1383 704 Frontinus
1407 668 1537 703 ‘altera

185 732 356 755 mensura
374 731 443 764 per
468 720 724 754 extremitatem
744 718 1003 762 conprehensi’.
1031 718 1141 751 uideo
1162 728 1248 761 ergo
1268 716 1374 750 illum
1395 727 1537 760 agrum,

187 769 251 811 qui
272 767 360 801 dum
385 768 424 801 in
451 779 488 801 se
516 767 676 801 ducenta
697 767 733 800 et
756 777 797 800 eo
820 765 980 809 amplius
1006 765 1135 808 iugera
1162 764 1381 805 contineret,
1407 764 1537 807 postea

186 815 289 849 iussu
308 815 520 859 principum
539 814 765 848 intercisiuis
785 813 968 847 limitibus
984 813 1097 858 (est)
1113 812 1334 846 distributus
1355 811 1538 854 quinqua-

187 863 292 907 genis
321 862 511 907 iugeribus
537 861 598 896 uel
626 861 804 904 amplius,
837 862 880 894 ut
906 859 1069 903 qualitas
1101 859 1265 894 locorum
1290 859 1445 892 inuenta
1472 860 1536 892 est.

187 920 282 953 quae
297 909 553 943 intercisiones
573 919 639 953 per
653 908 793 941 trifinia
811 909 847 941 et
865 907 1090 951 quadrifinia
1111 907 1189 941 siue
1208 905 1537 940 interuenientium

187 958 247 991 nel
273 957 578 1000 interpositorum
604 956 748 990 ratione
775 955 965 999 signorum
993 957 1192 988 cernuntur
1217 964 1296 987 esse
1323 952 1537 997 dispositae.

188 1005 352 1038 Alteram
374 1003 596 1048 qualitatem
619 1003 711 1037 dicit
737 1013 949 1036 mensuram
976 1012 1042 1046 per
1067 1001 1233 1035 eiusdem
1259 1000 1340 1044 agri
1367 999 1539 1034 extremi-

187 1054 302 1085 tatem
325 1051 627 1095 conprehensam.
664 1051 769 1084 iuxta
795 1050 893 1083 hunc
920 1060 1063 1094 agrum,
1090 1048 1135 1082 de
1161 1059 1233 1093 quo
1259 1047 1376 1082 locuti
1403 1058 1540 1089 sumus,

187 1100 358 1133 uidemus
379 1098 559 1132 confinem
577 1109 656 1132 esse
677 1098 827 1131 modum
845 1107 1017 1131 mensura
1031 1096 1322 1140 conprehensum
1342 1094 1540 1135 subseciui,

189 1147 253 1191 qui
273 1146 486 1190 frequenter
506 1147 544 1179 in
565 1145 865 1179 extremitatibus
888 1144 1161 1188 assignatorum
1179 1154 1350 1187 agrorum
1371 1142 1540 1176 incidens

189 1193 391 1228 mensurali
418 1193 518 1227 linea
539 1193 702 1227 cernitur
722 1192 1005 1236 conprehensus.
1043 1192 1089 1225 de
1109 1191 1178 1225 hoc
1198 1189 1352 1224 inferius
1374 1200 1438 1223 suo
1458 1189 1540 1223 loco

190 1242 355 1285 apertius
370 1240 655 1285 disputabimus,
672 1262 714 1265 —
731 1251 816 1273 nam
832 1239 986 1283 quidam
1001 1238 1206 1273 centuriam
1224 1237 1356 1272 uolunt
1370 1236 1540 1280 intellegi

192 1289 431 1324 ‘mensuram’
461 1289 600 1322 dictam
629 1288 705 1332 ‘per
731 1288 984 1322 extremitatem
1018 1285 1327 1330 conprehensam'.
1373 1284 1472 1328 quod
1505 1286 1540 1317 et

190 1337 299 1380 ipsud
335 1337 459 1380 potest
495 1335 634 1379 accipi,
671 1335 759 1378 quia
791 1335 861 1368 etsi
893 1335 1048 1369 centenis
1083 1334 1289 1367 hominibus
1320 1333 1541 1367 duocente‘na
1568 1344 1581 1364 ·.

192 1385 318 1429 ¹iayera
351 1383 440 1416 data
471 1382 647 1428 legimus,
682 1394 838 1426 quorum
872 1383 1022 1426 propter
1053 1392 1246 1414 numerum
1277 1380 1325 1413 sit
1357 1379 1540 1424 appellata

191 1441 368 1479 centuria,
393 1439 552 1484 legimus
579 1432 623 1473 in
650 1431 903 1485 quibusdam
932 1430 1035 1471 locis
1062 1430 1114 1470 ab
1141 1443 1225 1470 uno
1254 1429 1368 1470 mille
1395 1430 1436 1469 et
1460 1430 1542 1468 tre-

251 1580 336 1606 3-5
362 1573 526 1607 Frontin,
549 1577 579 1613 1,
595 1576 685 1605 3—4
772 1578 804 1604 11
831 1571 996 1605 Frontin.
1016 1574 1046 1611 1,
1061 1575 1081 1603 4
1171 1576 1289 1602 13—1?
1318 1569 1429 1603 uerba
1455 1568 1543 1602 dum

192 1621 230 1654 in
251 1631 290 1655 se
305 1642 348 1646 —
364 1641 407 1645 —
423 1620 628 1664 dispositae
650 1621 718 1653 La.
736 1620 887 1664 Hygino
905 1621 985 1660 110,
1001 1620 1120 1652 8—13
1141 1617 1201 1659 (cf.
1224 1618 1274 1651 II
1290 1619 1373 1659 140)
1395 1616 1544 1657 tribuit,-

191 1668 252 1703 εει]
268 1669 384 1702 «nescio
402 1679 452 1701 cm
468 1667 754 1702 commentatoris
769 1669 843 1701 sint
861 1666 920 1708 (cf.
936 1665 1098 1699 Frontin.
1111 1669 1164 1705 14,
1174 1668 1266 1705 5—7,
1280 1665 1383 1706 infra
1394 1665 1544 1706 53,14);

192 1716 341 1750 uerba-m
373 1715 629 1749 intercisiones
662 1715 702 1748 ‘in
731 1714 885 1757 Corpore
914 1714 1041 1758 (tyrim.
1071 1713 1134 1746 hoc
1164 1712 1238 1746 solo
1271 1712 1345 1745 loco
1377 1710 1543 1751 occurrit,

192 1763 428 1796 intercisiuus
455 1764 496 1796 in
516 1763 630 1797 Libro
656 1762 844 1806 reqionum
868 1771 973 1805 saepe
1070 1765 1196 1793 20—22
1221 1760 1333 1793 uerba
1358 1757 1545 1792 subseciui

195 1831 236 1835 -
266 1831 308 1835 -—
339 1809 612 1854 conprehensus
647 1810 714 1844 La.
748 1809 901 1853 Hyyino
928 1811 1015 1849 110,
1037 1809 1190 1842 14—16
1221 1806 1371 1847 tribuat,-
1400 1809 1545 1849 sumpta

194 1862 313 1892 autem
332 1862 419 1892 sant
438 1869 481 1891 eat
495 1857 672 1891 Frontino
693 1858 794 1900 (218
815 1856 854 1889 in
875 1855 1047 1889 extremis
1069 1853 1351 1898 adsignatorum
1371 1863 1545 1897 agrorum

193 1905 339 1946 finibus,
367 1908 430 1947 3‚2
457 1904 558 1938 linea
584 1903 782 1947 cludatur),
809 1903 858 1937 acl
883 1903 987 1937 caius
1007 1903 1118 1936 uerba
1137 1902 1240 1944 infra
1261 1902 1311 1942 (a.
1327 1911 1365 1944 p.
1383 1902 1542 1941 56—57)

193 1952 344 1986 citanda
376 1956 630 1987 commentator
659 1952 696 1985 in
729 1962 764 1984 u.
784 1953 834 1985 22
865 1951 974 1993 refert
1078 1956 1116 1982 24
1142 1947 1306 1982 Frontin.
1330 1951 1360 1987 1,
1382 1950 1473 1981 3—4

195 2006 402 2043 25—1).53,1
424 2000 492 2033 La.
507 2002 586 2041 110,
598 2001 693 2032 4—7
712 1998 862 2042 quino
884 1997 1024 2038 tribuit,
1041 1996 1104 2031 sed
1124 1999 1261 2030 25—26
1278 2012 1321 2023 =
1336 1993 1406 2028 Sic.
1422 1994 1543 2028 Flacc.

195 2047 257 2080 La.
281 2050 359 2086 153
381 2050 423 2080 29
458 2046 622 2080 centenis
652 2045 864 2079 hominibus
892 2045 1101 2078 ducentena
1126 2043 1255 2086 iugera
1282 2041 1480 2075 dederunt:
1509 2043 1545 2074 et

196 2106 238 2128 ex
265 2093 335 2127 hoc
358 2093 457 2127 facto
485 2093 653 2128 centuria
679 2093 775 2126 iuste
805 2091 996 2136 appellata
1023 2093 1095 2132 est;
1129 2092 1360 2133 27—1).53‚1
1388 2090 1545 2123 incertae

196 2142 351 2186 ore'yz'nis
375 2145 461 2175 sant
487 2142 545 2184 (cf.
568 2142 709 2185 Agenn.
731 2139 818 2174 Urb.
842 2142 897 2180 37,
916 2141 969 2182 16)

256 2255 274 2281 9
301 2247 444 2281 diuisus
471 2259 536 2281 om.
555 2259 612 2291 pr.
635 2251 661 2279 G
735 2253 771 2279 10
797 2245 927 2289 atquin
950 2245 1036 2290 La.]
1064 2246 1102 2278 et
1126 2243 1216 2286 quia
1243 2247 1296 2284 Gp
1370 2249 1406 2276 16
1432 2243 1545 2277 inter-

198 2295 428 2329 uenientium
455 2296 503 2328 acl
528 2297 635 2339 styma
661 2294 870 2335 nataralia,
899 2292 1201 2336 interpositorum
1228 2291 1277 2324 ad
1301 2291 1408 2335 siqua
1434 2301 1543 2323 man-a

198 2344 299 2385 sacta
324 2343 487 2386 respicit;
514 2343 558 2383 cf.
581 2344 638 2383 53,
655 2344 698 2375 12
796 2347 833 2373 22
860 2339 1060 2374 mensurali
1087 2338 1183 2380 psi„
1209 2348 1380 2372 mensura.
1407 2340 1433 2370 G

1566 632 1596 654 1⁴)

1568 867 1597 891 15

1566 1104 1599 1128 20
