1669 2545
54 749 87 773 10

52 1044 84 1069 15

116 89 175 123 La.
195 92 273 132 183,
289 92 440 131 2-184,
456 93 475 121 3
634 88 951 123 CONSTITVTIO
1162 89 1306 124 ABEP
1383 90 1463 131 147

116 200 256 238 ortum
289 213 384 239 eum
419 212 508 238 esse
542 197 723 252 singulis
756 197 1020 251 regionibus,
1053 197 1163 238 unde
1189 197 1375 251 primum
1403 198 1466 238 sol

115 260 329 311 appareat,
356 271 562 310 occasum,
586 257 662 296 ubi
681 256 915 297 nouissime
937 257 1117 297 desinat:
1144 257 1348 298 hactenus
1370 257 1466 297 diri-

114 331 212 371 gere
246 331 487 357 mensuram
518 315 833 357 laborauerunt.
880 315 981 368 quid
1015 316 1128 369 quod
1160 330 1237 357 nec
1270 316 1343 357 illa
1375 316 1468 369 ipsa

114 376 286 431 regione
323 375 424 415 solis
459 377 709 429 conspectus
742 377 852 415 recte
886 378 1028 428 potest
1068 375 1346 429 deprehendi,
1382 375 1467 416 nisi

115 434 363 488 aequalibus
380 434 431 474 ab
451 436 548 475 ortu
566 436 606 473 et
628 447 782 475 occasu
803 433 1124 475 diastematibus
1142 433 1146 489 Ι
1164 434 1465 475 ferramentum
1492 438 1519 472 P
1535 444 1582 472 εει·

114 496 315 547 ponatur3
342 493 455 546 quod
482 493 526 533 in
553 507 635 546 qua
661 495 781 546 parte
809 493 863 533 sit
891 493 997 533 scire
1024 493 1200 534 difficile
1227 495 1310 547 est,
1336 507 1467 547 quon-

114 554 196 593 iam
212 553 256 593 in
271 552 449 592 diuersis
466 552 580 593 orbis
595 555 800 592 terrarum
817 552 1010 605 partibus
1028 566 1249 593 mensurae
1267 555 1464 607 aguntur.

114 615 155 653 et
186 613 259 652 issa
291 611 383 665 ipsa
413 612 605 665 regione,
637 610 730 665 (si)
756 611 811 652 sit
844 611 907 651 illi
936 611 1046 652 forte
1073 625 1123 652 ex
1150 612 1284 652 altera
1313 611 1316 667 Ι
1346 614 1465 665 parte
1492 615 1582 649 Bm

113 685 285 724 campus
305 684 381 724 per
399 671 536 711 multa
556 671 686 723 milia,
712 684 835 710 mons
857 684 907 710 ex
929 669 1062 711 altera
1083 673 1123 711 et
1142 671 1319 724 propior
1339 672 1466 712 ferra—

112 732 273 783 mento,
309 743 478 771 necesse
511 732 575 770 est
608 744 658 769 ex
692 729 765 770 illa
800 730 920 784 parte
954 730 1165 783 apertiore
1199 729 1262 770 sol
1294 729 1464 785 longius

111 788 415 842 conspiciatur,
448 803 499 830 ex
524 788 603 829 hac
631 788 798 842 deinde,
830 803 911 842 qua
938 803 1060 829 mons
1088 789 1285 842 inminet,
1318 804 1465 843 parere

111 848 195 888 cito
226 848 400 888 desinat.
447 851 487 888 et
522 849 557 889 si
589 848 721 889 kardo
756 863 779 888 a
812 850 956 889 monte
989 863 1073 888 non
1106 848 1232 902 longe
1265 851 1465 889 nascatur

111 907 200 947 siue
246 906 509 961 decimanus,
552 907 765 961 quomodo
809 909 952 961 potest
992 921 1139 948 cursus
1179 907 1463 961 conprehendi

109 969 234 1020 rect'e,
262 981 357 1007 cum
384 966 641 1007 ferramento
670 965 733 1007 sol
755 966 958 1007 occiderit
985 969 1027 1007 et
1053 969 1170 1007 trans
1190 970 1379 1008 montem
1401 967 1465 1007 sol

111 1025 250 1066 adhuc
281 1025 422 1067 luceat
449 1028 491 1066 et
517 1025 674 1066 eisdem
709 1025 813 1079 ipsis
841 1025 978 1066 adhuc
1005 1026 1166 1080 campis
1192 1026 1236 1066 in
1264 1026 1465 1067 ulteriore

110 1087 230 1139 parte
256 1085 553 1139 resplendeat?
583 1083 586 1141 Ι
617 1086 630 1133 ζ
636 1085 706 1140 fig.
730 1083 816 1140 98.)
1489 1090 1582 1123 Amo

170 1154 465 1204 Quaerendum
493 1159 556 1196 est
588 1157 773 1210 primum
802 1170 908 1210 quae
939 1156 994 1197 sit
1021 1156 1168 1197 mundi
1201 1156 1464 1211 magnitudo,

111 1229 218 1268 quae
238 1215 347 1256 ratio
369 1215 537 1256 oriundi
559 1219 632 1255 aut
653 1215 883 1267 occidendi,
905 1218 1064 1268 quanta
1085 1216 1139 1256 sit
1159 1216 1318 1256 mundo
1340 1218 1463 1256 terra.

109 1272 414 1330 aduofcandum
448 1277 513 1315 est
545 1275 669 1315 nobis
702 1275 977 1329 gnomonices
1005 1289 1193 1315 summae
1221 1289 1268 1315 ac
1296 1275 1464 1316 diuinae
1491 1279 1581 1313 Bm

51 1351 64 1364 ο
109 1333 213 1373 artis
241 1334 513 1374 elementum:
542 1333 745 1387 explicari
773 1334 884 1375 enim
908 1334 1162 1375 desiderium
1189 1337 1386 1375 nostrum
1411 1335 1463 1375 ad

109 1406 256 1432 uerum
278 1393 360 1433 nisi
379 1408 453 1446 per
471 1392 647 1433 umbrae
667 1396 883 1434 momenta
904 1407 988 1433 non
1010 1395 1162 1446 potest.
1190 1396 1330 1435 ortum
1349 1394 1462 1434 enim

167 1574 181 1600 1
209 1578 292 1601 cum
319 1569 417 1602 esset
442 1572 467 1601 B
503 1570 506 1611 Ι
542 1568 699 1613 singulis
726 1569 942 1613 regionibus
969 1579 1054 1603 eum
1081 1580 1159 1603 esse
1185 1573 1210 1602 P
1327 1576 1343 1602 2
1374 1580 1462 1613 apa-

107 1616 187 1648 reat
218 1619 265 1656 A,
298 1616 443 1659 aperiat
474 1619 535 1649 BE
572 1618 575 1660 Ι
611 1616 758 1651 desinat
790 1619 906 1660 ABE,
941 1616 1144 1651 descendat
1175 1620 1200 1649 P
1321 1623 1338 1649 3
1372 1617 1461 1660 quid

107 1662 207 1706 quod
235 1666 312 1704 PE,
346 1663 531 1706 quidquid
557 1666 618 1696 AB
654 1666 658 1709 Ι
692 1675 761 1698 nec
794 1675 859 1699 om.
881 1667 942 1697 BE
1059 1671 1076 1697 4
1110 1665 1350 1708 conspectum
1377 1667 1402 1696 B

106 1716 123 1742 5
151 1709 301 1753 aequali
326 1713 424 1743 ABE
460 1713 463 1754 Ι
500 1711 779 1746 (liastimatibus
806 1715 849 1754 B,
883 1711 999 1746 dea-s
1026 1715 1055 1744 A
1156 1718 1240 1744 6-7
1269 1711 1461 1755 quoniam]

106 1757 195 1800 quia
220 1761 245 1790 P
344 1764 358 1790 7
388 1758 489 1792 urbis
515 1761 589 1798 AB,
620 1759 708 1793 orbe
734 1763 761 1792 Ε
786 1760 789 1802 Ι
814 1761 1002 1803 anguntur
1027 1763 1056 1792 A
1154 1766 1171 1792 8
1199 1759 1250 1804 et]
1278 1760 1315 1793 et
1341 1758 1378 1791 in
1405 1761 1430 1791 B

105 1805 187 1848 ipsa
217 1815 283 1839 om.
305 1807 330 1837 B
366 1805 370 1850 Ι
405 1805 436 1839 si
469 1806 554 1839 add.
581 1807 733 1841 Tarneb.
771 1809 773 1849 Ι
809 1806 878 1851 illi]
916 1806 981 1840 illa
1013 1810 1038 1839 P
1144 1814 1161 1838 9
1188 1807 1340 1850 propior
1366 1806 1392 1850 (i
1419 1817 1462 1840 esc

105 1852 150 1894 ri)
175 1852 215 1897 P]
243 1852 343 1896 prior
368 1855 412 1897 A,
446 1853 567 1897 priore
594 1857 655 1887 BE
762 1861 799 1887 10
826 1854 1003 1898 apertiori
1028 1857 1064 1896 P,
1099 1853 1262 1897 apertior
1287 1857 1314 1886 E
1350 1855 1354 1897 Ι
1390 1853 1459 1898 sol]

107 1899 167 1932 sut
198 1902 241 1941 B,
275 1899 342 1933 sub
371 1904 398 1933 E
520 1908 553 1934 11
581 1901 846 1947 conspiciatur]
880 1912 948 1935 con
974 1912 1116 1936 eraswn
1145 1904 1173 1933 A
1208 1903 1212 1945 Ι
1247 1902 1394 1945 pareret
1420 1903 1459 1941 A,

108 1957 229 2001 parire
254 1961 280 1990 B
395 1966 430 1992 12
458 1970 530 1993 non
556 1960 666 2003 longe
693 1971 714 1993 a
741 1962 867 1994 monte
893 1964 918 1993 P
1032 1967 1066 1993 13
1093 1955 1225 1994 decuiii
1253 1963 1278 1992 P
1312 1962 1316 2003 Ι
1352 1971 1460 1993 cursu

107 2006 211 2037 ABE
320 2012 452 2039 13—14
480 2008 731 2051 conprehendi
758 2010 858 2042 recto
886 2011 968 2050 AB,
1002 2007 1267 2052 comprehenso
1293 2009 1394 2041 recto
1421 2010 1459 2048 E,

107 2052 205 2085 recte
232 2053 495 2096 comprehendi
521 2058 547 2086 P
624 2062 658 2088 14
686 2054 741 2089 sol
767 2058 876 2097 ABE,
904 2067 969 2089 om.
991 2056 1093 2089 PLa.
1172 2062 1207 2088 15
1233 2054 1377 2088 hisdem
1404 2057 1429 2086 Β

107 2098 276 2132 ulteriori
301 2103 336 2140 P,
363 2111 495 2134 u-rem
521 2104 546 2134 B
654 2109 689 2135 lo
715 2105 861 2146 partem
887 2105 912 2135 B
1020 2109 1053 2135 17
1083 2102 1302 2143 Quaerenda
1328 2104 1424 2134 AEP

107 2146 343 2192 magnitudo]
370 2158 466 2190 quae
493 2148 580 2182 solis
609 2150 691 2183 add.
713 2153 738 2182 P
829 2156 865 2182 18
891 2149 984 2183 retio
1011 2153 1039 2182 A
1063 2152 1066 2193 Ι
1090 2149 1234 2183 oriendi
1260 2152 1302 2191 B,
1330 2148 1459 2182 mundi

105 2193 191 2227 add.
212 2196 310 2226 ABE
333 2196 338 2236 Ι
362 2195 493 2237 quanti
519 2199 592 2238 AB,
624 2197 723 2239 quod
749 2201 776 2229 E
799 2198 804 2240 Ι
827 2197 955 2230 mundi
983 2201 1010 2229 E
1086 2204 1122 2230 19
1149 2196 1392 2241 gnomonicae
1419 2199 1457 2235 A,

107 2240 184 2274 Nl.
205 2241 414 2275 nominicae
437 2245 463 2275 B
484 2242 529 2287 (G
550 2261 592 2271 Ξ
609 2243 681 2287 VI),
710 2255 782 2278 non
809 2244 978 2278 modicae
1004 2248 1030 2276 E
1109 2251 1147 2277 20
1173 2243 1397 2278 elementum
1416 2243 1458 2287 P]

105 2288 324 2322 flumentum
344 2291 381 2330 B,
408 2289 559 2323 frum-m
573 2294 613 2332 A,
633 2291 796 2325 fructum
816 2295 842 2324 E
866 2294 870 2335 1
895 2292 942 2324 ad
962 2292 1003 2336 P]
1025 2302 1067 2324 ac
1088 2294 1204 2333 ABE3
1225 2292 1269 2333 ef.
1294 2293 1374 2331 171,
1390 2292 1410 2323 3

105 2342 139 2368 ⁸21
166 2335 253 2381 nisi]
281 2347 323 2370 ac
349 2338 374 2368 B
403 2338 408 2380 Ι
437 2336 651 2371 umbrarum
677 2341 702 2371 B

1173 2397 1243 2430 10ss
