1669 2545
54 797 88 822 10

55 1094 88 1119 15

55 1391 89 1415 20

112 104 176 138 La.
193 107 271 146 202,
287 107 438 146 2-203,
454 108 473 137 3
631 102 948 138 CONsrrrvrio
1201 105 1305 138 ABP
1383 106 1463 146 165

115 212 319 253 beneficio
341 212 531 253 coloniae
551 211 722 266 habent,
736 213 779 253 in
800 212 937 253 forma
950 218 1241 254 COMPASCVA
1256 219 1464 253 PVBLICA

114 277 402 312 IVLIENSIVM
435 271 610 312 inscribi
643 271 816 313 debent:
849 287 947 312 nam
981 276 1022 313 et
1054 271 1241 327 uectigal
1269 274 1463 326 quamuis

115 330 317 385 exiguum
343 333 574 383 praestant.
613 329 702 386 (fig.
729 330 841 386 134.)

175 405 496 449 Subsiciuorum
519 408 709 448 omnium
735 408 893 448 librum
919 407 1058 448 facere
1081 407 1224 462 [scire]
1250 408 1370 449 debe·
1396 412 1484 447 Am
1502 413 1603 447 Pio-2v

114 465 267 520 bimus,
293 470 341 507 ut
364 467 532 520 quando
558 467 745 508 uoluerit
771 467 1014 521 imperator,
1042 468 1147 508 sciat
1168 470 1273 521 quot
1299 468 1342 507 in
1369 482 1465 508 eum

112 526 254 566 locum
281 525 475 567 homines
503 526 651 567 deduci
677 526 861 580 possint:
887 529 960 567 aut
986 527 1021 567 si
1049 527 1240 568 coloniae
1266 541 1464 568 concessa

112 584 290 638 fuerint,
317 591 562 626 CONCESSA
589 592 833 626 COLONIAE
861 586 906 626 in
932 600 1024 626 aere
1051 586 1340 628 inscribemus.
1371 586 1375 637 Ι
1405 586 1464 626 ita
1492 592 1582 627 Bm

114 643 148 684 si
170 644 229 684 rei
249 643 443 698 publicae
464 659 663 686 concessa
688 645 858 699 fuerint,
886 645 928 685 in
950 659 1043 686 aere
1065 651 1330 686 SVBSECIVA
1351 651 1463 686 CON-

114 708 259 744 CESSA
284 706 332 744 ut
357 710 661 745 IVLIENSIBVS
688 704 977 745 inscribemus.

173 778 329 821 Omnes
357 781 464 821 aeris
492 781 825 836 significationes
853 784 894 822 et
925 782 1075 823 formis
1103 785 1144 823 et
1171 781 1328 823 tabulis
1356 782 1463 822 aeris

112 839 413 895 inscribemus
446 840 542 882 data
568 840 809 896 adsignata
836 856 1052 895 concessa,
1080 844 1275 907 excepta,
1301 840 1465 882 reddita

113 902 373 940 commutata
399 914 476 954 pro
505 915 599 952 suo,
632 900 795 941 reddita
822 901 957 941 ueteri
984 901 1240 954 possessoii,
1273 904 1314 941 et
1342 915 1465 954 quae-

113 971 294 1012 cumque
333 959 416 999 alia
456 959 680 1013 inscriptio
721 960 987 1015 singularum
1024 960 1263 1001 litteanium
1304 961 1348 1000 in
1386 974 1464 1000 usu

114 1016 254 1071 fuerit,
284 1020 327 1058 et
351 1019 394 1058 in
422 1033 515 1059 aere
542 1023 796 1072 permaneat.
835 1019 965 1060 libros
993 1020 1100 1060 aeris
1128 1022 1169 1060 et
1195 1022 1346 1073 typum
1373 1034 1465 1073 per-

114 1076 222 1118 ticae
249 1077 381 1118 totius
406 1077 530 1118 lineis
552 1078 811 1133 descriptum
838 1079 1070 1120 secundum
1098 1093 1193 1119 suas
1216 1078 1464 1119 determina-

114 1135 252 1176 tiones
279 1136 505 1190 adscriptis
529 1137 743 1179 adfinibus
770 1137 981 1179 tabulario
1005 1137 1195 1179 Caesaris
1223 1138 1463 1179 inferemus.

115 1197 156 1236 et
170 1195 293 1248 siqua
306 1195 511 1237 beneficio
528 1211 726 1239 concessa
740 1200 813 1238 aut
828 1197 1047 1251 adsignata
1065 1197 1069 1252 Ι
1087 1198 1278 1239 coloniae
1292 1197 1464 1250 fuerint,
1492 1204 1549 1245 (As

115 1254 204 1295 siue
228 1254 231 1309 Ι
255 1254 299 1295 111
324 1255 519 1309 proximo
542 1256 630 1297 siue
652 1257 763 1298 inter
783 1256 886 1297 alias
908 1256 1115 1311 ciuitates,
1142 1258 1186 1297 in
1210 1256 1319 1297 libro
1341 1256 1463 1298 bene-
1492 1261 1518 1294 B
1533 1271 1581 1296 275

114 1313 310 1355 ficiorum
343 1314 640 1356 adscribemus.
681 1319 722 1357 et
749 1316 960 1370 quidquid
986 1316 1100 1357 aliud
1133 1316 1184 1356 ad
1212 1316 1466 1357 instrumen-

114 1375 206 1413 tum
227 1388 468 1414 mensorum
495 1374 738 1428 pertinebit,
763 1390 850 1416 non
877 1375 1016 1416 solum
1043 1376 1210 1417 colonia
1238 1375 1310 1415 sed
1337 1378 1379 1415 et
1405 1378 1464 1415 ta-

173 1543 206 1570 11
234 1537 303 1571 Sic.
324 1537 444 1572 Flacc.
465 1542 647 1572 119—121
748 1546 995 1584 15—p.166,2
1023 1540 1089 1574 Bo.
1112 1542 1192 1582 400,
1207 1542 1321 1573 8—-15

173 1699 188 1725 1
214 1691 371 1726 formam
397 1695 460 1725 AB
564 1700 581 1726 2
607 1692 822 1727 tuliensium
849 1696 874 1727 B
909 1695 913 1737 Ι
948 1704 1034 1727 nam
1061 1705 1126 1728 om.
1149 1697 1212 1726 AB
1317 1700 1334 1727 3
1360 1704 1464 1738 prae-

115 1740 190 1772 stat
215 1742 277 1772 AB
300 1742 305 1783 Ι
327 1740 495 1785 Fi9.134
521 1741 640 1775 excisa
666 1752 709 1774 επ
729 1744 757 1774 A
830 1748 847 1774 4
874 1740 984 1775 facile
1012 1744 1036 1774 B
1061 1743 1064 1785 Ι
1088 1740 1182 1776 scire
1204 1744 1280 1782 AB,
1307 1752 1372 1776 om.
1394 1745 1418 1774 P

114 1793 132 1820 5
159 1786 253 1821 scias
280 1790 309 1820 A
338 1789 341 1830 Ι
371 1787 469 1831 quod
497 1790 558 1820 AB
638 1795 657 1821 6
683 1799 879 1822 concessae
905 1792 930 1821 P
1015 1796 1029 1821 ἵ
1058 1799 1254 1823 concessae
1280 1791 1353 1830 BG,
1381 1800 1465 1822 con-

115 1844 246 1868 censae
272 1838 297 1867 P
326 1837 330 1878 Ι
359 1834 517 1868 coliniae
545 1838 573 1867 A
601 1836 605 1878 Ι
634 1835 870 1870 inscribimus
898 1839 934 1877 Β,
955 1848 1014 1880 pr.
1037 1840 1061 1869 P
1147 1842 1231 1869 7—-8
1258 1836 1311 1869 ita
1338 1836 1384 1882 si]
1412 1836 1465 1869 ita

115 1884 188 1923 AB,
215 1881 246 1915 si
271 1885 296 1914 P
372 1888 458 1915 8—9
484 1881 623 1916 fuerint
645 1904 687 1908 —
710 1904 752 1908 —
774 1891 971 1918 CONCESSA
990 1883 1029 1929 P]
1057 1883 1188 1918 eodem
1214 1883 1328 1917 facies
1356 1886 1418 1916 AB

115 1935 133 1961 9
154 1909 204 1962 U'h
223 1930 260 1962 et
278 1928 492 1963 iuliensium
511 1932 537 1962 B
560 1932 565 1973 Ι
587 1930 824 1964 inscribimus
845 1933 882 1973 Β,
904 1930 1105 1965 scribemus
1124 1934 1153 1964 A
1220 1938 1256 1964 10
1278 1931 1372 1965 aeris
1391 1933 1464 1971 ΑΒ,

117 1987 183 2010 o.m
203 1976 305 2010 PLa.
331 1978 334 2020 Ι
358 1976 457 2021 sign·
444 1987 519 2010 -em
542 1980 603 2010 AB
627 1979 631 2021 Ι
654 1977 782 2012 formis
809 1980 847 2012 et
872 1959 1011 2012 tabulis
1039 1978 1132 2012 aeris
1160 1978 1291 2022 (aereis
1311 1979 1366 2024 B)]
1394 1978 1466 2012 for-

117 2033 196 2056 mas
223 2023 317 2056 aeris
343 2023 482 2058 tabulis
507 2028 532 2057 P
622 2032 655 2058 11
681 2025 876 2059 inserimus
903 2029 928 2059 B
952 2028 957 2069 Ι
980 2026 1139 2071 adsign]
1169 2028 1206 2060 et
1232 2026 1381 2071 signata
1408 2029 1462 2058 A

116 2069 265 2104 reddita
296 2082 361 2105 om.
383 2075 419 2112 P,
452 2075 534 2106 ante
566 2083 631 2115 pro
666 2084 730 2107 suo
763 2076 824 2106 AB
933 2080 1022 2106 12-—
1031 2080 1067 2106 13
1099 2083 1351 2117 quascumque
1378 2076 1406 2106 A

117 2124 152 2150 14
179 2117 317 2151 fuerint
342 2121 367 2150 Β
390 2120 395 2161 Ι
418 2120 511 2152 et=
528 2119 651 2153 etiam.
680 2121 749 2155 La.
769 2121 911 2162 frustra
931 2122 972 2154 ut
1050 2128 1131 2154 14—
1135 2127 1171 2154 15
1198 2121 1236 2154 in
1263 2121 1358 2154 aeris
1384 2132 1467 2164 per-

117 2166 293 2198 maneant
311 2164 416 2199 libris
436 2165 484 2199 Et
503 2166 645 2210 pertice
664 2169 795 2211 typum
815 2170 840 2200 B
864 2170 867 2211 Ι
892 2168 1056 2212 perticae
1076 2168 1191 2202 totius
1205 2167 1259 2203 ‘'l..
1275 2172 1299 2200 P
1360 2175 1395 2201 15
1422 2167 1465 2201 11-

115 2212 194 2246 neis
215 2214 289 2254 AB,
315 2211 440 2246 linteis
460 2216 496 2246 P.
524 2213 664 2248 Linteis
688 2215 780 2249 dicit
803 2215 981 2259 scriptum
1009 2226 1132 2261 mar-90
1159 2219 1184 2248 P
1258 2222 1367 2248 15-16
1395 2217 1464 2248 ter-

116 2258 338 2293 minationes
364 2263 389 2292 P
468 2266 504 2293 16
529 2260 722 2295 inferimus
748 2263 851 2297 ΒΒο
928 2269 962 2295 17
993 2263 1212 2308 adsignatae
1239 2223 1374 2296 311⁹
1402 2262 1466 2296 ad-

116 2306 310 2340 scribimus
335 2307 428 2341 BBo
463 2308 467 2348 Ι
502 2307 553 2352 et]
579 2310 621 2342 ut
645 2311 671 2341 B
707 2311 710 2352 Ι
745 2309 792 2342 ad
819 2320 885 2344 om.
906 2312 931 2342 Β
1041 2317 1080 2344 2⁰
1106 2309 1272 2344 coloniae
1300 2311 1404 2344 BBo.

115 2360 360 2398 20—p.166‚1
386 2353 573 2388 tabulario
599 2358 624 2387 B
