1669 2545
65 410 93 444 B
110 420 159 444 221

65 470 96 502 A
109 480 156 504 121

81 706 159 742 E39

64 942 92 976 P
103 949 155 978 86*

189 59 270 101 138
346 59 488 93 ABEP
625 58 799 93 HYGINI
826 58 1091 94 GROMATICI
1176 59 1237 93 La.
1255 62 1333 101 173,
1348 62 1499 102 4-174,
1513 63 1535 94 4

185 182 382 223 paremus
414 182 527 208 nunc
560 182 706 209 omnes
733 170 936 221 quattuor
960 168 1122 221 lapides
1154 168 1199 208 in
1225 182 1374 220 unum,
1407 170 1448 208 et
1474 168 1535 208 in-

184 231 381 268 tueamur
413 241 557 268 eorum
592 229 764 280 quartas
799 230 941 281 partes
974 229 1191 280 uacantes,
1227 241 1334 280 quae
1369 226 1415 267 in
1445 229 1534 268 suis

185 287 431 342 regionibus
459 288 669 327 centurias
695 286 850 327 litteris
877 282 990 327 intra
1016 286 1204 326 cludunt.
1237 284 1328 340 (fig.
1348 283 1436 340 82.)
1475 285 1535 326 sic

185 349 227 386 et
256 346 301 387 in
327 360 402 385 suo
429 346 656 386 interuallo
681 345 888 386 distantes
916 345 1126 386 centurias
1153 344 1219 385 his
1246 344 1535 398 inscriptioni-

186 405 266 445 bus
294 404 481 445 cludunt.
527 404 801 458 inspiciamus
828 420 851 445 a
877 405 1062 445 maximo
1093 403 1096 459 Ι
1127 404 1342 445 decimano
1370 406 1412 444 et
1439 404 1534 444 kar-

186 464 282 505 dine
310 463 614 518 [singulorum]
642 463 833 517 lapidum
859 464 1169 517 inscriptiones.
1204 462 1293 518 (fig.
1315 461 1402 518 83.)
1438 461 1443 518 Ι
1476 463 1535 504 la-

183 526 274 564 tera
295 526 433 564 auten]
457 523 649 577 lapidum
670 526 782 564 recte
803 523 1105 576 inscribuntur⁷
1132 523 1334 576 quoniam
1359 522 1534 576 amplio-

183 597 248 623 res
281 596 480 623 numeros
513 583 704 636 capiunt3
736 597 833 622 nam
867 582 948 636 [in]
983 581 1214 623 uerticibus
1248 581 1423 622 inscribi
1448 596 1535 622 non

183 641 308 682 facile
336 641 516 696 [omnia]
550 644 740 695 possunt.
786 641 1034 682 inscribitur
1066 641 1218 695 [enim]
1250 640 1456 682 lateribus
1482 639 1534 681 D.

185 699 234 741 D.
256 700 563 741 LXXXXVHI
586 700 633 741 V.
654 700 704 741 K.
725 700 894 741 LXXV.
915 699 919 755 Ι
943 715 1049 754 quae
1070 700 1291 754 inscriptio
1314 700 1349 741 si
1368 699 1534 741 ratione

182 763 379 814 ponatur,
407 763 468 801 est
490 761 668 813 optima3
694 760 794 800 licet
821 763 862 800 et
886 760 1099 813 quomodo
1121 773 1302 813 cumque
1329 759 1536 812 inscripta

183 820 250 873 sit,
275 820 415 873 perito
437 819 621 860 mensori
642 833 728 860 non
749 818 912 871 latebit,
940 819 1141 872 quoniam
1165 822 1303 861 certus
1324 821 1388 859 est
1413 818 1534 872 lapis,

183 893 267 932 quo
295 879 485 919 centuria
513 878 707 919 cluditur.
742 877 832 932 (fig.
854 877 940 932 843»

242 937 403 978 Multos
434 937 621 978 limitum
655 937 982 978 constitutiones
1014 937 1059 977 in
1091 951 1275 995 erronem
1309 936 1535 987 deducunt,

105 1012 155 1037 222
183 997 282 1037 dum
321 1000 395 1037 aut
432 996 752 1050 inscriptionem
791 1011 937 1050 parum
976 995 979 1051 Ι
1015 997 1270 1050 intellegunt
1305 999 1377 1036 aut
1412 995 1535 1036 aliter
1579 1010 1593 1034 ἰ

180 1056 340 1096 limites
365 1059 601 1096 numerant.
635 1055 787 1096 uolunt
808 1070 898 1097 esse
919 1055 1091 1109 quidam
1113 1055 1379 1096 decimanum
1403 1055 1534 1095 alium

181 1115 386 1170 primum,
414 1115 545 1156 alium
573 1115 824 1155 maximum:
853 1118 893 1155 et
920 1129 1015 1155 cum
1043 1114 1235 1155 exierunt
1262 1129 1286 1154 a
1313 1113 1531 1155 decimano

182 1174 383 1228 maximo7
408 1174 590 1228 peractis
618 1174 833 1215 centuriae
860 1174 1024 1215 actibus
1051 1174 1235 1228 primum
1256 1173 1438 1214 limitem
1459 1188 1533 1214 nu-

181 1238 345 1274 merant
367 1234 440 1287 qui
461 1236 524 1274 est
545 1233 764 1275 secundus.
799 1233 948 1274 deinde
968 1233 1021 1274 ad
1042 1247 1193 1288 agrum
1217 1233 1267 1273 de
1289 1246 1372 1287 quo
1394 1232 1536 1287 agitur

183 1308 276 1334 cum
310 1293 585 1347 perueniunt,
618 1307 772 1333 nouam
801 1293 1135 1334 controuersiam
1163 1292 1390 1333 inueniunt
1416 1295 1458 1332 et
1484 1291 1534 1332 de

240 1410 324 1437 6—7
353 1403 471 1437 latera
499 1415 533 1437 ιι.
556 1403 618 1437 La.
636 1407 714 1446 194,
729 1407 784 1438 20.
815 1407 951 1445 195,1·2
1044 1410 1079 1436 14
1093 1415 1141 1447 sq.
1170 1402 1534 1447 Hygin.72‚1s-24

240 1511 323 1538 1—2
349 1504 540 1538 intuamur
559 1507 587 1536 A
656 1511 740 1537 2-3
767 1505 892 1547 partes
910 1524 949 1528 -
967 1503 1238 1548 —regionibus
1259 1514 1324 1537 om.
1341 1508 1367 1536 E
1435 1509 1453 1536 3
1478 1503 1534 1536 in-

179 1554 239 1587 tra
265 1552 421 1586 cludunt
446 1555 516 1592 ΒΡ,
544 1551 741 1585 includunt
763 1554 826 1584 ΑΕ
900 1557 985 1584 3-5
1013 1551 1065 1585 sic
1082 1572 1122 1575 —
1140 1571 1182 1575 —
1199 1550 1354 1585 cludunt
1379 1553 1485 1585 om.B

180 1606 266 1633 4—5
294 1599 458 1633 distante
485 1599 670 1633 centurias
697 1598 734 1632 in
761 1599 819 1632 his
847 1598 1110 1632 scribtionibus
1139 1598 1294 1632 cludunt
1320 1601 1364 1638 A,
1393 1598 1535 1632 distant

180 1647 371 1681 centuriae
397 1647 436 1680 in
462 1646 520 1680 his
545 1646 851 1690 inscriptionibus
878 1649 904 1678 E
997 1653 1082 1679 5-6
1109 1645 1217 1679 kardi
1244 1648 1269 1678 B
1362 1652 1380 1678 6
1406 1645 1532 1690 singu-

180 1694 298 1728 lorum
325 1698 359 1736 Ρ,
388 1706 452 1729 om.
475 1697 573 1726 ABE
603 1697 606 1734 Ι
635 1693 916 1737 inscriptionem
941 1696 967 1726 B
1062 1700 1076 1725 τ
1104 1694 1205 1727 recta
1231 1696 1258 1725 E
1346 1699 1430 1726 ἰ’-8
1457 1703 1533 1726 am-

179 1742 337 1786 pliorem
363 1753 556 1775 numerum
582 1745 621 1781 E,
649 1752 704 1775 a-s
731 1752 904 1774 numerus
930 1743 959 1772 A
1042 1747 1059 1773 S
1085 1740 1123 1773 in
1150 1744 1186 1782 Ρ,
1213 1751 1278 1774 om.
1301 1743 1397 1773 ABE
1426 1742 1430 1785 Ι
1459 1751 1533 1774 non

180 1790 221 1835 ΡΙ
248 1789 365 1823 nostri
392 1792 472 1831 AB,
505 1791 579 1822 tres
606 1793 633 1821 E
731 1796 749 1821 9
776 1788 901 1822 omnia
926 1791 962 1829 P,
990 1799 1056 1822 om.
1080 1790 1177 1820 ABE
1207 1789 1210 1822 Ι
1241 1787 1340 1820 enim
1366 1790 1437 1829 BP,
1465 1799 1530 1822 om.

181 1838 326 1871 AELa.
419 1843 456 1870 10
482 1835 647 1870 XCVIIII
672 1835 708 1870 k.
732 1838 769 1877 B,
799 1834 944 1869 XCVIII
969 1847 1003 1869 u.
1026 1834 1061 1869 k.
1083 1839 1119 1876 Ρ,
1148 1834 1331 1868 LXXVIII
1356 1846 1389 1868 u.
1412 1834 1448 1869 k.
1468 1839 1495 1868 Ε
1526 1845 1528 1879 ;

181 1895 276 1928 qua-e
301 1888 378 1925 PE,
407 1895 480 1927 qua
505 1887 585 1925 A13;
613 1884 698 1918 add.
726 1882 807 1916 finis
834 1886 916 1924 AE,
944 1882 1033 1916 fines
1060 1885 1085 1914 B
1182 1889 1216 1915 11
1243 1883 1299 1916 est
1324 1885 1434 1924 ABE,
1462 1882 1533 1916 erit

179 1935 204 1964 P
233 1933 238 1976 Ι
266 1931 356 1965 licet
380 1931 421 1977 P]
449 1931 594 1974 aliquid
617 1934 726 1972 ABE,
754 1931 824 1965 La.
848 1931 1014 1973 ‘fortasse
1040 1929 1222 1973 alioquin’
1254 1930 1258 1975 Ι
1288 1930 1339 1975 et]
1368 1929 1432 1964 det
1456 1933 1483 1963 E

179 1985 298 2012 11—12
319 1979 500 2022 inscripta
520 1979 569 2012 sit
588 1981 696 2021 AEP,
718 1977 827 2011 i-tum
851 1977 899 2011 sit
914 1978 995 2020 La„
1016 1977 1107 2010 i-tus
1129 1976 1178 2010 sit
1197 1976 1294 2020 lapis
1314 1980 1340 2010 B
1402 1984 1438 2010 12
1457 1988 1532 2011 non

180 2027 220 2071 P]
254 2028 379 2060 nostro
412 2037 487 2060 non
519 2029 616 2058 ABE
651 2026 708 2069 (cf.
736 2037 765 2060 v.
789 2028 811 2059 9
837 2030 869 2060 et
895 2028 974 2067 134,
993 2028 1039 2059 16
1070 2024 1188 2058 nostri
1214 2035 1285 2067 pro
1317 2026 1404 2068 non>
1439 2027 1444 2066 Ι
1478 2024 1531 2057 la-

180 2074 267 2117 pide
294 2077 318 2106 P
415 2080 450 2107 15
479 2073 567 2106 dum
594 2074 658 2107 aut
683 2073 724 2118 P]
752 2072 839 2106 dum
866 2075 963 2105 ABE
996 2074 999 2116 Ι
1031 2072 1273 2115 inscriptione
1299 2074 1336 2114 B,
1366 2071 1530 2106 i-onibus

179 2124 205 2153 P
313 2127 350 2154 16
381 2120 511 2154 uolant
537 2124 578 2162 Ρ,
612 2119 740 2154 uolent
770 2123 796 2153 B
831 2121 835 2165 Ι
872 2119 996 2153 alium.
1030 2119 1144 2153 alium
1177 2122 1202 2151 B
1312 2126 1346 2152 17
1375 2119 1533 2154 exierint

179 2171 240 2200 ΕΡ
314 2174 350 2201 18
382 2168 544 2212 peractis
571 2170 698 2212 (p-tus
724 2170 803 2212 ΑΕ)
830 2167 1035 2212 centuriae]
1061 2166 1295 2210 peracturiae
1321 2169 1346 2199 B
1420 2174 1456 2200 19
1482 2167 1530 2201 ad

179 2226 245 2250 om.
267 2219 292 2248 P
322 2218 324 2256 Ι
355 2216 500 2261 agrum]
527 2215 611 2250 add.
639 2216 822 2249 uenerunt
848 2217 928 2256 AB,
959 2214 1115 2248 ueniunt
1142 2218 1168 2246 Ε
1273 2220 1312 2247 20
1338 2225 1421 2248 cum
1447 2225 1530 2258 per-

178 2263 336 2315 ueniunt
367 2266 521 2344 οῃμἾ-Αξ
556 2263 691 2308 (ylossa
725 2275 752 2297 r.
775 2265 820 2296 19
853 2263 1035 2296 uenerunt
1066 2262 1151 2296 haec
1182 2262 1293 2296 uerba
1324 2262 1492 2305 extrusit)

180 2312 292 2344 contr.
322 2321 396 2344 inu.

1561 716 1594 740 10

1561 1307 1594 1331 20
