<?xml version="1.0" encoding="UTF-8"?>
<!DOCTYPE html PUBLIC "-//W3C//DTD XHTML 1.0 Transitional//EN"
    "http://www.w3.org/TR/xhtml1/DTD/xhtml1-transitional.dtd">
<html xmlns="http://www.w3.org/1999/xhtml" xml:lang="en" lang="en">
 <head>
  <title>
</title>
<meta http-equiv="Content-Type" content="text/html;charset=utf-8" />
  <meta name='ocr-system' content='tesseract 3.04.00' />
  <meta name='ocr-capabilities' content='ocr_page ocr_carea ocr_par ocr_line ocrx_word'/>
</head>
<body>
  <div class='ocr_page' id='page_1' title='image "./corpusagrimensor01thuluoft_0011.png"; bbox 0 0 1633 2535; ppageno 0'>
   <div class='ocr_carea' id='block_1_1' title="bbox 16 854 30 879">
    <p class='ocr_par' dir='ltr' id='par_1_1' title="bbox 16 854 30 879">
     <span class='ocr_line' id='line_1_1' title="bbox 16 854 30 879; baseline 0 0"><span class='ocrx_word' id='word_1_1' title='bbox 16 854 30 879; x_wconf 84' lang='lat'><strong>5</strong></span> 
     </span>
    </p>
   </div>
   <div class='ocr_carea' id='block_1_2' title="bbox 0 1153 32 1176">
    <p class='ocr_par' dir='ltr' id='par_1_2' title="bbox 0 1153 32 1176">
     <span class='ocr_line' id='line_1_2' title="bbox 0 1153 32 1176; baseline 0 0"><span class='ocrx_word' id='word_1_2' title='bbox 0 1153 32 1176; x_wconf 87' lang='lat'>10</span> 
     </span>
    </p>
   </div>
   <div class='ocr_carea' id='block_1_3' title="bbox 0 1451 32 1476">
    <p class='ocr_par' dir='ltr' id='par_1_3' title="bbox 0 1451 32 1476">
     <span class='ocr_line' id='line_1_3' title="bbox 0 1451 32 1476; baseline 0.031 -1"><span class='ocrx_word' id='word_1_3' title='bbox 0 1451 32 1476; x_wconf 82' lang='lat'>15</span> 
     </span>
    </p>
   </div>
   <div class='ocr_carea' id='block_1_4' title="bbox 309 520 1409 707">
    <p class='ocr_par' dir='ltr' id='par_1_4' title="bbox 309 520 1409 707">
     <span class='ocr_line' id='line_1_4' title="bbox 489 520 973 577; baseline -0.002 -2"><span class='ocrx_word' id='word_1_4' title='bbox 489 522 623 577; x_wconf 89' lang='lat' dir='ltr'><strong>IVLI</strong></span> <span class='ocrx_word' id='word_1_5' title='bbox 662 520 973 575; x_wconf 84' lang='lat' dir='ltr'><strong>FRONTINI.</strong></span> 
     </span>
     <span class='ocr_line' id='line_1_5' title="bbox 309 632 1409 707; baseline 0.002 -33"><span class='ocrx_word' id='word_1_6' title='bbox 309 637 398 674; x_wconf 86' lang='lat' dir='ltr'>DE</span> <span class='ocrx_word' id='word_1_7' title='bbox 421 635 740 674; x_wconf 76' lang='lat' dir='ltr'><em>AGRORVM</em></span> <span class='ocrx_word' id='word_1_8' title='bbox 763 632 1138 684; x_wconf 67' lang='lat' dir='ltr'>QVALJJATE.</span> <span class='ocrx_word' id='word_1_9' title='bbox 1171 664 1409 707; x_wconf 79' lang='lat' dir='ltr'>La.1‚1—4,4</span> 
     </span>
    </p>
   </div>
   <div class='ocr_carea' id='block_1_5' title="bbox 56 712 1415 1725">
    <p class='ocr_par' dir='ltr' id='par_1_5' title="bbox 56 712 1412 892">
     <span class='ocr_line' id='line_1_6' title="bbox 116 712 1410 772; baseline -0.004 -14"><span class='ocrx_word' id='word_1_10' title='bbox 116 717 332 772; x_wconf 86' lang='lat' dir='ltr'>Agrorum</span> <span class='ocrx_word' id='word_1_11' title='bbox 360 716 587 771; x_wconf 84' lang='lat' dir='ltr'>qualitates</span> <span class='ocrx_word' id='word_1_12' title='bbox 620 717 720 757; x_wconf 87' lang='lat' dir='ltr'>sunt</span> <span class='ocrx_word' id='word_1_13' title='bbox 751 718 855 757; x_wconf 88' lang='lat' dir='ltr'>tres:</span> <span class='ocrx_word' id='word_1_14' title='bbox 886 729 972 757; x_wconf 85' lang='lat' dir='ltr'>una</span> <span class='ocrx_word' id='word_1_15' title='bbox 1003 714 1095 769; x_wconf 83' lang='lat' dir='ltr'>agri</span> <span class='ocrx_word' id='word_1_16' title='bbox 1123 713 1248 755; x_wconf 84' lang='lat' dir='ltr'>diuisi</span> <span class='ocrx_word' id='word_1_17' title='bbox 1274 716 1315 756; x_wconf 85' lang='lat' dir='ltr'>et</span> <span class='ocrx_word' id='word_1_18' title='bbox 1341 712 1410 754; x_wconf 85' lang='lat' dir='ltr'>ad-</span> 
     </span>
     <span class='ocr_line' id='line_1_7' title="bbox 58 772 1412 833; baseline -0.004 -15"><span class='ocrx_word' id='word_1_19' title='bbox 58 777 234 833; x_wconf 81' lang='lat' dir='ltr'>signati,</span> <span class='ocrx_word' id='word_1_20' title='bbox 272 777 405 818; x_wconf 81' lang='lat' dir='ltr'>altera</span> <span class='ocrx_word' id='word_1_21' title='bbox 436 791 635 817; x_wconf 79' lang='lat' dir='ltr'>mensura</span> <span class='ocrx_word' id='word_1_22' title='bbox 666 790 742 830; x_wconf 87' lang='lat' dir='ltr'>per</span> <span class='ocrx_word' id='word_1_23' title='bbox 774 774 1085 816; x_wconf 69' lang='lat' dir='ltr'>extremitatem</span> <span class='ocrx_word' id='word_1_24' title='bbox 1119 772 1412 827; x_wconf 75' lang='lat' dir='ltr'>conprehensi,</span> 
     </span>
     <span class='ocr_line' id='line_1_8' title="bbox 56 834 1164 892; baseline -0.003 -14"><span class='ocrx_word' id='word_1_25' title='bbox 56 837 184 878; x_wconf 85' lang='lat' dir='ltr'>tertia</span> <span class='ocrx_word' id='word_1_26' title='bbox 217 836 392 892; x_wconf 78' lang='lat' dir='ltr'>arcifini,</span> <span class='ocrx_word' id='word_1_27' title='bbox 425 836 498 891; x_wconf 90' lang='lat' dir='ltr'>qui</span> <span class='ocrx_word' id='word_1_28' title='bbox 530 835 648 877; x_wconf 89' lang='lat' dir='ltr'>nulla</span> <span class='ocrx_word' id='word_1_29' title='bbox 679 849 878 876; x_wconf 84' lang='lat' dir='ltr'>mensura</span> <span class='ocrx_word' id='word_1_30' title='bbox 911 834 1164 876; x_wconf 87' lang='lat' dir='ltr'>continetur.</span> 
     </span>
    </p>

    <p class='ocr_par' dir='ltr' id='par_1_6' title="bbox 56 891 1415 1547">
     <span class='ocr_line' id='line_1_9' title="bbox 116 891 1412 952; baseline -0.004 -15"><span class='ocrx_word' id='word_1_31' title='bbox 116 896 233 951; x_wconf 81' lang='lat' dir='ltr'>Ager</span> <span class='ocrx_word' id='word_1_32' title='bbox 271 911 373 952; x_wconf 84' lang='lat' dir='ltr'>ergo</span> <span class='ocrx_word' id='word_1_33' title='bbox 407 896 570 937; x_wconf 87' lang='lat' dir='ltr'>diuisus</span> <span class='ocrx_word' id='word_1_34' title='bbox 610 895 858 951; x_wconf 73' lang='lat' dir='ltr'>adsignatus</span> <span class='ocrx_word' id='word_1_35' title='bbox 892 896 955 936; x_wconf 86' lang='lat' dir='ltr'>est</span> <span class='ocrx_word' id='word_1_36' title='bbox 990 892 1265 934; x_wconf 87' lang='lat' dir='ltr'>coloniarum.</span> <span class='ocrx_word' id='word_1_37' title='bbox 1328 891 1412 933; x_wconf 89' lang='lat' dir='ltr'>Hic</span> 
     </span>
     <span class='ocr_line' id='line_1_10' title="bbox 57 951 1411 1008; baseline -0.003 -12"><span class='ocrx_word' id='word_1_38' title='bbox 57 956 186 997; x_wconf 83' lang='lat' dir='ltr'>habet</span> <span class='ocrx_word' id='word_1_39' title='bbox 212 956 485 999; x_wconf 80' lang='lat' dir='ltr'>condiciones</span> <span class='ocrx_word' id='word_1_40' title='bbox 510 956 630 996; x_wconf 88' lang='lat' dir='ltr'>duas:</span> <span class='ocrx_word' id='word_1_41' title='bbox 658 969 786 995; x_wconf 85' lang='lat' dir='ltr'>unam</span> <span class='ocrx_word' id='word_1_42' title='bbox 815 968 900 1008; x_wconf 88' lang='lat' dir='ltr'>qua</span> <span class='ocrx_word' id='word_1_43' title='bbox 926 953 1176 1008; x_wconf 81' lang='lat' dir='ltr'>plerumque</span> <span class='ocrx_word' id='word_1_44' title='bbox 1200 951 1411 993; x_wconf 84' lang='lat' dir='ltr'>limitibus</span> 
     </span>
     <span class='ocr_line' id='line_1_11' title="bbox 58 1010 1411 1069; baseline -0.004 -12"><span class='ocrx_word' id='word_1_45' title='bbox 58 1016 318 1067; x_wconf 81' lang='lat' dir='ltr'>continetur,</span> <span class='ocrx_word' id='word_1_46' title='bbox 363 1017 538 1057; x_wconf 83' lang='lat' dir='ltr'>alteram</span> <span class='ocrx_word' id='word_1_47' title='bbox 585 1029 668 1069; x_wconf 85' lang='lat' dir='ltr'>qua</span> <span class='ocrx_word' id='word_1_48' title='bbox 711 1028 787 1068; x_wconf 88' lang='lat' dir='ltr'>per</span> <span class='ocrx_word' id='word_1_49' title='bbox 829 1012 1049 1067; x_wconf 82' lang='lat' dir='ltr'>proximos</span> <span class='ocrx_word' id='word_1_50' title='bbox 1093 1010 1411 1067; x_wconf 85' lang='lat' dir='ltr'>possessionum</span> 
     </span>
     <span class='ocr_line' id='line_1_12' title="bbox 56 1070 1413 1131; baseline -0.004 -15"><span class='ocrx_word' id='word_1_51' title='bbox 56 1075 221 1131; x_wconf 83' lang='lat' dir='ltr'>rigores</span> <span class='ocrx_word' id='word_1_52' title='bbox 266 1075 537 1130; x_wconf 80' lang='lat' dir='ltr'>adsignatum</span> <span class='ocrx_word' id='word_1_53' title='bbox 583 1077 665 1129; x_wconf 78' lang='lat' dir='ltr'>est,</span> <span class='ocrx_word' id='word_1_54' title='bbox 717 1073 827 1114; x_wconf 89' lang='lat' dir='ltr'>sicut</span> <span class='ocrx_word' id='word_1_55' title='bbox 870 1073 915 1114; x_wconf 90' lang='lat' dir='ltr'>in</span> <span class='ocrx_word' id='word_1_56' title='bbox 960 1071 1191 1126; x_wconf 79' lang='lat' dir='ltr'>Campania</span> <span class='ocrx_word' id='word_1_57' title='bbox 1235 1070 1413 1112; x_wconf 84' lang='lat' dir='ltr'>Suessae</span> 
     </span>
     <span class='ocr_line' id='line_1_13' title="bbox 57 1129 1412 1189; baseline -0.005 -12"><span class='ocrx_word' id='word_1_58' title='bbox 57 1134 350 1189; x_wconf 84' lang='lat' dir='ltr'>A&lt;u&gt;runcae.</span> <span class='ocrx_word' id='word_1_59' title='bbox 414 1134 621 1189; x_wconf 88' lang='lat' dir='ltr'>quidquid</span> <span class='ocrx_word' id='word_1_60' title='bbox 666 1135 807 1175; x_wconf 88' lang='lat' dir='ltr'>autem</span> <span class='ocrx_word' id='word_1_61' title='bbox 853 1132 1081 1174; x_wconf 87' lang='lat' dir='ltr'>secundum</span> <span class='ocrx_word' id='word_1_62' title='bbox 1125 1131 1234 1173; x_wconf 84' lang='lat' dir='ltr'>hanc</span> <span class='ocrx_word' id='word_1_63' title='bbox 1273 1129 1412 1171; x_wconf 88' lang='lat' dir='ltr'>condi-</span> 
     </span>
     <span class='ocr_line' id='line_1_14' title="bbox 58 1191 1413 1250; baseline -0.004 -15"><span class='ocrx_word' id='word_1_64' title='bbox 58 1195 222 1236; x_wconf 88' lang='lat' dir='ltr'>cionem</span> <span class='ocrx_word' id='word_1_65' title='bbox 251 1194 295 1235; x_wconf 92' lang='lat' dir='ltr'>in</span> <span class='ocrx_word' id='word_1_66' title='bbox 320 1193 633 1250; x_wconf 82' lang='lat' dir='ltr'>longitudinem</span> <span class='ocrx_word' id='word_1_67' title='bbox 655 1196 720 1234; x_wconf 86' lang='lat' dir='ltr'>est</span> <span class='ocrx_word' id='word_1_68' title='bbox 740 1192 1037 1245; x_wconf 85' lang='lat' dir='ltr'>delimitatum,</span> <span class='ocrx_word' id='word_1_69' title='bbox 1063 1205 1138 1245; x_wconf 87' lang='lat' dir='ltr'>per</span> <span class='ocrx_word' id='word_1_70' title='bbox 1164 1191 1318 1245; x_wconf 80' lang='lat' dir='ltr'>strigas</span> <span class='ocrx_word' id='word_1_71' title='bbox 1342 1204 1413 1244; x_wconf 82' lang='lat' dir='ltr'>ap-</span> 
     </span>
     <span class='ocr_line' id='line_1_15' title="bbox 58 1248 1410 1311; baseline -0.004 -16"><span class='ocrx_word' id='word_1_72' title='bbox 58 1255 260 1308; x_wconf 81' lang='lat' dir='ltr'>pellatur3</span> <span class='ocrx_word' id='word_1_73' title='bbox 283 1252 285 1311; x_wconf 54' lang='lat' dir='ltr'>J</span> <span class='ocrx_word' id='word_1_74' title='bbox 312 1253 521 1308; x_wconf 87' lang='lat' dir='ltr'>quidquid</span> <span class='ocrx_word' id='word_1_75' title='bbox 546 1268 622 1307; x_wconf 87' lang='lat' dir='ltr'>per</span> <span class='ocrx_word' id='word_1_76' title='bbox 647 1252 932 1302; x_wconf 82' lang='lat' dir='ltr'>latitudinem,</span> <span class='ocrx_word' id='word_1_77' title='bbox 958 1265 1034 1306; x_wconf 89' lang='lat' dir='ltr'>per</span> <span class='ocrx_word' id='word_1_78' title='bbox 1055 1265 1227 1292; x_wconf 87' lang='lat' dir='ltr'>scamna</span> <span class='ocrx_word' id='word_1_79' title='bbox 1247 1250 1336 1305; x_wconf 79' lang='lat' dir='ltr'>(fig.</span> <span class='ocrx_word' id='word_1_80' title='bbox 1355 1248 1410 1305; x_wconf 87' lang='lat'>1).</span> 
     </span>
     <span class='ocr_line' id='line_1_16' title="bbox 58 1310 1413 1369; baseline -0.003 -15"><span class='ocrx_word' id='word_1_81' title='bbox 58 1327 167 1368; x_wconf 30' lang='lat' dir='ltr'>ager*</span> <span class='ocrx_word' id='word_1_82' title='bbox 191 1327 290 1369; x_wconf 86' lang='lat' dir='ltr'>ergo</span> <span class='ocrx_word' id='word_1_83' title='bbox 322 1313 532 1354; x_wconf 83' lang='lat' dir='ltr'>limitatus</span> <span class='ocrx_word' id='word_1_84' title='bbox 564 1312 645 1354; x_wconf 82' lang='lat' dir='ltr'>hac</span> <span class='ocrx_word' id='word_1_85' title='bbox 677 1311 957 1354; x_wconf 85' lang='lat' dir='ltr'>similitudine</span> <span class='ocrx_word' id='word_1_86' title='bbox 990 1310 1221 1351; x_wconf 85' lang='lat' dir='ltr'>decimanis</span> <span class='ocrx_word' id='word_1_87' title='bbox 1255 1312 1296 1350; x_wconf 88' lang='lat' dir='ltr'>et</span> <span class='ocrx_word' id='word_1_88' title='bbox 1328 1323 1413 1350; x_wconf 86' lang='lat' dir='ltr'>car-</span> 
     </span>
     <span class='ocr_line' id='line_1_17' title="bbox 58 1370 1414 1427; baseline -0.004 -13"><span class='ocrx_word' id='word_1_89' title='bbox 58 1372 229 1414; x_wconf 82' lang='lat' dir='ltr'>dinibus</span> <span class='ocrx_word' id='word_1_90' title='bbox 274 1373 517 1414; x_wconf 81' lang='lat' dir='ltr'>continetur</span> <span class='ocrx_word' id='word_1_91' title='bbox 562 1372 650 1427; x_wconf 70' lang='lat' dir='ltr'>(fig.</span> <span class='ocrx_word' id='word_1_92' title='bbox 679 1370 736 1427; x_wconf 75' lang='lat'>2).</span> <span class='ocrx_word' id='word_1_93' title='bbox 800 1385 901 1426; x_wconf 81' lang='lat' dir='ltr'>ager</span> <span class='ocrx_word' id='word_1_94' title='bbox 944 1384 1020 1425; x_wconf 85' lang='lat' dir='ltr'>per</span> <span class='ocrx_word' id='word_1_95' title='bbox 1060 1370 1215 1425; x_wconf 82' lang='lat' dir='ltr'>strigas</span> <span class='ocrx_word' id='word_1_96' title='bbox 1261 1372 1302 1409; x_wconf 87' lang='lat' dir='ltr'>et</span> <span class='ocrx_word' id='word_1_97' title='bbox 1340 1383 1414 1422; x_wconf 88' lang='lat' dir='ltr'>per</span> 
     </span>
     <span class='ocr_line' id='line_1_18' title="bbox 59 1428 1415 1487; baseline -0.004 -14"><span class='ocrx_word' id='word_1_98' title='bbox 59 1446 231 1473; x_wconf 84' lang='lat' dir='ltr'>scamna</span> <span class='ocrx_word' id='word_1_99' title='bbox 254 1432 417 1474; x_wconf 88' lang='lat' dir='ltr'>diuisus</span> <span class='ocrx_word' id='word_1_100' title='bbox 444 1434 486 1473; x_wconf 88' lang='lat' dir='ltr'>et</span> <span class='ocrx_word' id='word_1_101' title='bbox 511 1431 759 1487; x_wconf 82' lang='lat' dir='ltr'>adsignatus</span> <span class='ocrx_word' id='word_1_102' title='bbox 787 1434 851 1472; x_wconf 87' lang='lat' dir='ltr'>est</span> <span class='ocrx_word' id='word_1_103' title='bbox 876 1445 993 1471; x_wconf 87' lang='lat' dir='ltr'>more</span> <span class='ocrx_word' id='word_1_104' title='bbox 1026 1429 1202 1483; x_wconf 86' lang='lat' dir='ltr'>antiquo</span> <span class='ocrx_word' id='word_1_105' title='bbox 1236 1429 1278 1469; x_wconf 88' lang='lat' dir='ltr'>in</span> <span class='ocrx_word' id='word_1_106' title='bbox 1305 1428 1415 1468; x_wconf 88' lang='lat' dir='ltr'>hanc</span> 
     </span>
     <span class='ocr_line' id='line_1_19' title="bbox 59 1487 1415 1547; baseline -0.004 -14"><span class='ocrx_word' id='word_1_107' title='bbox 59 1492 395 1546; x_wconf 85' lang='lat' dir='ltr'>similitudinem,</span> <span class='ocrx_word' id='word_1_108' title='bbox 418 1492 421 1547; x_wconf 70' lang='grc' dir='ltr'>Ι</span> <span class='ocrx_word' id='word_1_109' title='bbox 446 1506 530 1546; x_wconf 86' lang='lat' dir='ltr'>qua</span> <span class='ocrx_word' id='word_1_110' title='bbox 555 1492 600 1532; x_wconf 90' lang='lat' dir='ltr'>in</span> <span class='ocrx_word' id='word_1_111' title='bbox 626 1490 859 1545; x_wconf 83' lang='lat' dir='ltr'>prouinciis</span> <span class='ocrx_word' id='word_1_112' title='bbox 887 1504 987 1531; x_wconf 76' lang='lat' dir='ltr'>arua</span> <span class='ocrx_word' id='word_1_113' title='bbox 1018 1489 1191 1544; x_wconf 81' lang='lat' dir='ltr'>publica</span> <span class='ocrx_word' id='word_1_114' title='bbox 1217 1487 1415 1529; x_wconf 87' lang='lat' dir='ltr'>coluntur</span> 
     </span>
    </p>

    <p class='ocr_par' dir='ltr' id='par_1_7' title="bbox 59 1607 1414 1725">
     <span class='ocr_line' id='line_1_20' title="bbox 118 1607 1414 1667; baseline -0.004 -15"><span class='ocrx_word' id='word_1_115' title='bbox 118 1610 235 1667; x_wconf 85' lang='lat' dir='ltr'>Ager</span> <span class='ocrx_word' id='word_1_116' title='bbox 267 1614 331 1653; x_wconf 85' lang='lat' dir='ltr'>est</span> <span class='ocrx_word' id='word_1_117' title='bbox 364 1626 562 1654; x_wconf 86' lang='lat' dir='ltr'>mensura</span> <span class='ocrx_word' id='word_1_118' title='bbox 601 1609 935 1665; x_wconf 86' lang='lat' dir='ltr'>conprehensus,</span> <span class='ocrx_word' id='word_1_119' title='bbox 975 1610 1095 1651; x_wconf 89' lang='lat' dir='ltr'>cuius</span> <span class='ocrx_word' id='word_1_120' title='bbox 1134 1607 1286 1649; x_wconf 85' lang='lat' dir='ltr'>modus</span> <span class='ocrx_word' id='word_1_121' title='bbox 1325 1608 1414 1647; x_wconf 50' lang='lat' dir='ltr'>unia</span> 
     </span>
     <span class='ocr_line' id='line_1_21' title="bbox 59 1667 1414 1725; baseline -0.004 -13"><span class='ocrx_word' id='word_1_122' title='bbox 59 1685 207 1713; x_wconf 84' lang='lat' dir='ltr'>uersus</span> <span class='ocrx_word' id='word_1_123' title='bbox 264 1671 431 1714; x_wconf 85' lang='lat' dir='ltr'>ciuitati</span> <span class='ocrx_word' id='word_1_124' title='bbox 488 1674 551 1713; x_wconf 88' lang='lat' dir='ltr'>est</span> <span class='ocrx_word' id='word_1_125' title='bbox 608 1669 874 1725; x_wconf 82' lang='lat' dir='ltr'>adsignatus,</span> <span class='ocrx_word' id='word_1_126' title='bbox 932 1669 1042 1711; x_wconf 88' lang='lat' dir='ltr'>sicut</span> <span class='ocrx_word' id='word_1_127' title='bbox 1098 1668 1140 1709; x_wconf 89' lang='lat' dir='ltr'>in</span> <span class='ocrx_word' id='word_1_128' title='bbox 1194 1667 1414 1708; x_wconf 74' lang='lat' dir='ltr'>Lusitania</span> 
     </span>
    </p>
   </div>
   <div class='ocr_carea' id='block_1_6' title="bbox 60 1797 1414 1941">
    <p class='ocr_par' dir='ltr' id='par_1_8' title="bbox 60 1797 1414 1941">
     <span class='ocr_line' id='line_1_22' title="bbox 120 1797 1414 1847; baseline -0.005 -13"><span class='ocrx_word' id='word_1_129' title='bbox 120 1808 212 1834; x_wconf 78' lang='grc'>3-16</span> <span class='ocrx_word' id='word_1_130' title='bbox 232 1800 490 1836; x_wconf 86' lang='lat' dir='ltr'>Commentum</span> <span class='ocrx_word' id='word_1_131' title='bbox 506 1800 671 1847; x_wconf 85' lang='lat' dir='ltr'>[Aggeni</span> <span class='ocrx_word' id='word_1_132' title='bbox 684 1799 828 1845; x_wconf 73' lang='lat' dir='ltr'>Urbini]</span> <span class='ocrx_word' id='word_1_133' title='bbox 850 1802 989 1832; x_wconf 78' lang='lat'>52—54</span> <span class='ocrx_word' id='word_1_134' title='bbox 1009 1798 1180 1841; x_wconf 70' lang='lat' dir='ltr'>(eursz&#39;uz&#39;s</span> <span class='ocrx_word' id='word_1_135' title='bbox 1201 1797 1329 1831; x_wconf 74' lang='lat' dir='ltr'>litteris</span> <span class='ocrx_word' id='word_1_136' title='bbox 1351 1798 1414 1829; x_wconf 76' lang='lat' dir='ltr'>im-</span> 
     </span>
     <span class='ocr_line' id='line_1_23' title="bbox 60 1843 1412 1892; baseline -0.005 -9"><span class='ocrx_word' id='word_1_137' title='bbox 60 1859 184 1892; x_wconf 79' lang='lat' dir='ltr'>pressa</span> <span class='ocrx_word' id='word_1_138' title='bbox 192 1863 204 1892; x_wconf 89' lang='lat'><em>;</em></span> <span class='ocrx_word' id='word_1_139' title='bbox 230 1848 359 1884; x_wconf 72' lang='lat' dir='ltr'>desunt</span> <span class='ocrx_word' id='word_1_140' title='bbox 381 1850 493 1884; x_wconf 73' lang='lat' dir='ltr'>uerba</span> <span class='ocrx_word' id='word_1_141' title='bbox 514 1855 533 1882; x_wconf 78' lang='lat'><strong>⁹</strong></span> <span class='ocrx_word' id='word_1_142' title='bbox 560 1849 656 1882; x_wconf 85' lang='lat' dir='ltr'>sicut</span> <span class='ocrx_word' id='word_1_143' title='bbox 676 1847 714 1881; x_wconf 87' lang='lat' dir='ltr'>in</span> <span class='ocrx_word' id='word_1_144' title='bbox 731 1876 736 1881; x_wconf 91' lang='lat'><strong><em>.</em></strong></span> <span class='ocrx_word' id='word_1_145' title='bbox 753 1875 760 1881; x_wconf 88' lang='lat'><em>.</em></span> <span class='ocrx_word' id='word_1_146' title='bbox 776 1847 959 1890; x_wconf 65' lang='lat' dir='ltr'>Aruneae)</span> <span class='ocrx_word' id='word_1_147' title='bbox 1040 1851 1114 1878; x_wconf 79' lang='lat' dir='ltr'>6—S</span> <span class='ocrx_word' id='word_1_148' title='bbox 1140 1846 1184 1888; x_wconf 80' lang='lat' dir='ltr'>cf.</span> <span class='ocrx_word' id='word_1_149' title='bbox 1206 1843 1341 1889; x_wconf 82' lang='lat' dir='ltr'>Hygin.</span> <span class='ocrx_word' id='word_1_150' title='bbox 1358 1846 1412 1876; x_wconf 62' lang='lat'>30.</span> 
     </span>
     <span class='ocr_line' id='line_1_24' title="bbox 64 1894 1058 1941; baseline -0.001 -13"><span class='ocrx_word' id='word_1_151' title='bbox 64 1895 132 1931; x_wconf 85' lang='lat' dir='ltr'>Sic.</span> <span class='ocrx_word' id='word_1_152' title='bbox 153 1896 274 1932; x_wconf 79' lang='lat' dir='ltr'>Flaco.</span> <span class='ocrx_word' id='word_1_153' title='bbox 295 1900 360 1932; x_wconf 82' lang='lat'>118</span> <span class='ocrx_word' id='word_1_154' title='bbox 459 1904 592 1941; x_wconf 74' lang='lat' dir='ltr'>ls——p‚</span> <span class='ocrx_word' id='word_1_155' title='bbox 607 1903 636 1939; x_wconf 74' lang='lat'>⁴2,</span> <span class='ocrx_word' id='word_1_156' title='bbox 651 1903 686 1929; x_wconf 77' lang='lat'>15</span> <span class='ocrx_word' id='word_1_157' title='bbox 714 1894 850 1930; x_wconf 87' lang='lat' dir='ltr'>Comm.</span> <span class='ocrx_word' id='word_1_158' title='bbox 873 1897 1024 1935; x_wconf 78' lang='grc'>55-56,</span> <span class='ocrx_word' id='word_1_159' title='bbox 1041 1897 1058 1927; x_wconf 86' lang='grc'>7</span> 
     </span>
    </p>
   </div>
   <div class='ocr_carea' id='block_1_7' title="bbox 64 2008 1413 2297">
    <p class='ocr_par' dir='ltr' id='par_1_9' title="bbox 64 2008 1413 2297">
     <span class='ocr_line' id='line_1_25' title="bbox 121 2008 1410 2062; baseline -0.005 -14"><span class='ocrx_word' id='word_1_160' title='bbox 121 2022 192 2049; x_wconf 77' lang='lat'>1-—2</span> <span class='ocrx_word' id='word_1_161' title='bbox 217 2016 308 2051; x_wconf 87' lang='lat' dir='ltr'><strong>INC.</strong></span> <span class='ocrx_word' id='word_1_162' title='bbox 332 2017 336 2062; x_wconf 87' lang='grc' dir='ltr'>Ι</span> <span class='ocrx_word' id='word_1_163' title='bbox 359 2015 457 2049; x_wconf 81' lang='lat' dir='ltr'><strong>IVLI</strong></span> <span class='ocrx_word' id='word_1_164' title='bbox 477 2014 712 2049; x_wconf 82' lang='lat' dir='ltr'><strong>FRONTINI</strong></span> <span class='ocrx_word' id='word_1_165' title='bbox 735 2018 739 2058; x_wconf 84' lang='grc' dir='ltr'>Ι</span> <span class='ocrx_word' id='word_1_166' title='bbox 764 2014 825 2048; x_wconf 86' lang='lat' dir='ltr'>DE</span> <span class='ocrx_word' id='word_1_167' title='bbox 847 2011 1087 2047; x_wconf 77' lang='lat' dir='ltr'>AGRORVM</span> <span class='ocrx_word' id='word_1_168' title='bbox 1108 2009 1380 2052; x_wconf 80' lang='lat' dir='ltr'>QVALITATE</span> <span class='ocrx_word' id='word_1_169' title='bbox 1407 2008 1410 2053; x_wconf 70' lang='lat' dir='ltr'>l</span> 
     </span>
     <span class='ocr_line' id='line_1_26' title="bbox 65 2056 1412 2107; baseline -0.004 -13"><span class='ocrx_word' id='word_1_170' title='bbox 65 2061 297 2097; x_wconf 83' lang='lat' dir='ltr'><strong>FILICITER</strong></span> <span class='ocrx_word' id='word_1_171' title='bbox 323 2067 368 2107; x_wconf 81' lang='lat' dir='ltr'>A,</span> <span class='ocrx_word' id='word_1_172' title='bbox 402 2063 499 2097; x_wconf 87' lang='lat' dir='ltr'><strong>IVLI</strong></span> <span class='ocrx_word' id='word_1_173' title='bbox 526 2062 759 2097; x_wconf 82' lang='lat' dir='ltr'><strong>FRONTINI</strong></span> <span class='ocrx_word' id='word_1_174' title='bbox 786 2062 849 2095; x_wconf 74' lang='lat' dir='ltr'>DE</span> <span class='ocrx_word' id='word_1_175' title='bbox 876 2058 1114 2095; x_wconf 74' lang='lat' dir='ltr'>AGRORVM</span> <span class='ocrx_word' id='word_1_176' title='bbox 1141 2056 1412 2099; x_wconf 81' lang='lat' dir='ltr'>QVALITATE</span> 
     </span>
     <span class='ocr_line' id='line_1_27' title="bbox 65 2104 1413 2155; baseline -0.004 -12"><span class='ocrx_word' id='word_1_177' title='bbox 65 2112 99 2143; x_wconf 88' lang='lat' dir='ltr'>P.</span> <span class='ocrx_word' id='word_1_178' title='bbox 149 2111 291 2146; x_wconf 80' lang='lat' dir='ltr'>Titulus</span> <span class='ocrx_word' id='word_1_179' title='bbox 322 2112 539 2155; x_wconf 75' lang='lat' dir='ltr'>excerptoris</span> <span class='ocrx_word' id='word_1_180' title='bbox 567 2115 636 2153; x_wconf 50' lang='lat' dir='ltr'>es&amp;</span> <span class='ocrx_word' id='word_1_181' title='bbox 668 2110 714 2153; x_wconf 77' lang='lat' dir='ltr'>cf.</span> <span class='ocrx_word' id='word_1_182' title='bbox 741 2113 775 2152; x_wconf 73' lang='lat'>2,</span> <span class='ocrx_word' id='word_1_183' title='bbox 795 2113 818 2143; x_wconf 71' lang='lat'>8</span> <span class='ocrx_word' id='word_1_184' title='bbox 849 2113 875 2142; x_wconf 84' lang='lat' dir='ltr'>F</span> <span class='ocrx_word' id='word_1_185' title='bbox 972 2115 989 2141; x_wconf 70' lang='lat'>4</span> <span class='ocrx_word' id='word_1_186' title='bbox 1016 2117 1127 2151; x_wconf 83' lang='lat' dir='ltr'>perea</span> <span class='ocrx_word' id='word_1_187' title='bbox 1153 2108 1181 2138; x_wconf 90' lang='lat' dir='ltr'>A</span> <span class='ocrx_word' id='word_1_188' title='bbox 1210 2107 1213 2150; x_wconf 82' lang='grc' dir='ltr'>Ι</span> <span class='ocrx_word' id='word_1_189' title='bbox 1243 2104 1413 2139; x_wconf 77' lang='lat' dir='ltr'>extremi-</span> 
     </span>
     <span class='ocr_line' id='line_1_28' title="bbox 64 2152 1413 2202; baseline -0.004 -12"><span class='ocrx_word' id='word_1_190' title='bbox 64 2158 160 2191; x_wconf 83' lang='lat' dir='ltr'>tates</span> <span class='ocrx_word' id='word_1_191' title='bbox 185 2161 210 2191; x_wconf 97' lang='lat' dir='ltr'>P</span> <span class='ocrx_word' id='word_1_192' title='bbox 308 2166 322 2192; x_wconf 79' lang='lat'>7</span> <span class='ocrx_word' id='word_1_193' title='bbox 351 2159 443 2193; x_wconf 86' lang='lat' dir='ltr'>duas</span> <span class='ocrx_word' id='word_1_194' title='bbox 469 2170 553 2194; x_wconf 77' lang='lat' dir='ltr'>sser.</span> <span class='ocrx_word' id='word_1_195' title='bbox 581 2162 609 2191; x_wconf 86' lang='lat' dir='ltr'>A</span> <span class='ocrx_word' id='word_1_196' title='bbox 644 2161 648 2202; x_wconf 88' lang='lat' dir='ltr'>l</span> <span class='ocrx_word' id='word_1_197' title='bbox 683 2169 754 2202; x_wconf 88' lang='lat' dir='ltr'>que</span> <span class='ocrx_word' id='word_1_198' title='bbox 781 2160 809 2190; x_wconf 87' lang='lat' dir='ltr'>A</span> <span class='ocrx_word' id='word_1_199' title='bbox 906 2163 924 2189; x_wconf 75' lang='lat' dir='ltr'>S</span> <span class='ocrx_word' id='word_1_200' title='bbox 951 2165 1022 2199; x_wconf 87' lang='lat' dir='ltr'>que</span> <span class='ocrx_word' id='word_1_201' title='bbox 1048 2157 1076 2187; x_wconf 90' lang='lat' dir='ltr'>A</span> <span class='ocrx_word' id='word_1_202' title='bbox 1178 2160 1196 2185; x_wconf 80' lang='grc'>9</span> <span class='ocrx_word' id='word_1_203' title='bbox 1223 2152 1413 2196; x_wconf 82' lang='lat' dir='ltr'>assignata</span> 
     </span>
     <span class='ocr_line' id='line_1_29' title="bbox 66 2198 1413 2249; baseline -0.005 -11"><span class='ocrx_word' id='word_1_204' title='bbox 66 2205 121 2238; x_wconf 88' lang='lat' dir='ltr'>est</span> <span class='ocrx_word' id='word_1_205' title='bbox 146 2208 172 2238; x_wconf 88' lang='lat' dir='ltr'>P</span> <span class='ocrx_word' id='word_1_206' title='bbox 248 2214 286 2240; x_wconf 87' lang='lat'>10</span> <span class='ocrx_word' id='word_1_207' title='bbox 312 2217 467 2241; x_wconf 84' lang='lat' dir='ltr'>arrunce</span> <span class='ocrx_word' id='word_1_208' title='bbox 494 2209 532 2249; x_wconf 84' lang='lat' dir='ltr'>A,</span> <span class='ocrx_word' id='word_1_209' title='bbox 561 2217 719 2240; x_wconf 83' lang='lat' dir='ltr'>aruncae</span> <span class='ocrx_word' id='word_1_210' title='bbox 744 2209 770 2238; x_wconf 91' lang='lat' dir='ltr'>P</span> <span class='ocrx_word' id='word_1_211' title='bbox 844 2212 879 2237; x_wconf 68' lang='lat'>1⁵2</span> <span class='ocrx_word' id='word_1_212' title='bbox 906 2202 1142 2237; x_wconf 80' lang='lat' dir='ltr'>latitudinem</span> <span class='ocrx_word' id='word_1_213' title='bbox 1169 2199 1286 2244; x_wconf 60' lang='lat' dir='ltr'>Goes]</span> <span class='ocrx_word' id='word_1_214' title='bbox 1314 2198 1413 2232; x_wconf 84' lang='lat' dir='ltr'>allti-</span> 
     </span>
     <span class='ocr_line' id='line_1_30' title="bbox 65 2246 1413 2297; baseline -0.005 -12"><span class='ocrx_word' id='word_1_215' title='bbox 65 2251 231 2287; x_wconf 87' lang='lat' dir='ltr'>tudinem</span> <span class='ocrx_word' id='word_1_216' title='bbox 258 2258 303 2297; x_wconf 80' lang='lat' dir='ltr'>A,</span> <span class='ocrx_word' id='word_1_217' title='bbox 337 2254 456 2289; x_wconf 87' lang='lat' dir='ltr'>alt-m</span> <span class='ocrx_word' id='word_1_218' title='bbox 482 2258 507 2287; x_wconf 89' lang='lat' dir='ltr'>P</span> <span class='ocrx_word' id='word_1_219' title='bbox 625 2261 658 2287; x_wconf 83' lang='lat'>15</span> <span class='ocrx_word' id='word_1_220' title='bbox 686 2253 724 2287; x_wconf 83' lang='lat' dir='ltr'>in</span> <span class='ocrx_word' id='word_1_221' title='bbox 750 2252 820 2286; x_wconf 81' lang='lat' dir='ltr'>hac</span> <span class='ocrx_word' id='word_1_222' title='bbox 847 2249 1092 2286; x_wconf 82' lang='lat' dir='ltr'>similitudine</span> <span class='ocrx_word' id='word_1_223' title='bbox 1120 2253 1143 2281; x_wconf 89' lang='lat' dir='ltr'>P</span> <span class='ocrx_word' id='word_1_224' title='bbox 1264 2254 1299 2279; x_wconf 81' lang='grc'>16</span> <span class='ocrx_word' id='word_1_225' title='bbox 1326 2246 1413 2279; x_wconf 80' lang='lat' dir='ltr'>arba</span> 
     </span>
    </p>
   </div>
   <div class='ocr_carea' id='block_1_8' title="bbox 66 2305 259 2368">
    <p class='ocr_par' dir='ltr' id='par_1_10' title="bbox 66 2305 259 2368">
     <span class='ocr_line' id='line_1_31' title="bbox 66 2305 259 2368; baseline 0.005 -11"><span class='ocrx_word' id='word_1_226' title='bbox 66 2305 206 2368; x_wconf 62' lang='lat' dir='ltr'>pibliea</span> <span class='ocrx_word' id='word_1_227' title='bbox 231 2328 259 2358; x_wconf 85' lang='lat' dir='ltr'>A</span> 
     </span>
    </p>
   </div>
   <div class='ocr_carea' id='block_1_9' title="bbox 138 2384 1172 2423">
    <p class='ocr_par' dir='ltr' id='par_1_11' title="bbox 138 2384 1172 2423">
     <span class='ocr_line' id='line_1_32' title="bbox 138 2384 1172 2423; baseline 0 -8"><span class='ocrx_word' id='word_1_228' title='bbox 138 2389 251 2421; x_wconf 82' lang='lat' dir='ltr'>Corpus</span> <span class='ocrx_word' id='word_1_229' title='bbox 272 2393 431 2423; x_wconf 13' lang='lat' dir='ltr'>agrimens?</span> <span class='ocrx_word' id='word_1_230' title='bbox 450 2392 575 2416; x_wconf 76' lang='lat' dir='ltr'>Roman.</span> <span class='ocrx_word' id='word_1_231' title='bbox 598 2392 619 2415; x_wconf 87' lang='lat' dir='ltr'>I.</span> <span class='ocrx_word' id='word_1_232' title='bbox 1161 2384 1172 2410; x_wconf 79' lang='lat' dir='ltr'>l</span> 
     </span>
    </p>
   </div>
   <div class='ocr_carea' id='block_1_10' title="bbox 1436 511 1524 591">
    <p class='ocr_par' dir='ltr' id='par_1_12' title="bbox 1436 511 1524 591">
     <span class='ocr_line' id='line_1_33' title="bbox 1436 511 1512 543; baseline 0.013 -1"><span class='ocrx_word' id='word_1_233' title='bbox 1436 511 1512 543; x_wconf 59' lang='lat' dir='ltr'>Aeo</span> 
     </span>
     <span class='ocr_line' id='line_1_34' title="bbox 1436 557 1524 591; baseline 0.011 -1"><span class='ocrx_word' id='word_1_234' title='bbox 1436 557 1524 591; x_wconf 59' lang='lat' dir='ltr'>Pus</span> 
     </span>
    </p>
   </div>
   <div class='ocr_carea' id='block_1_11' title="bbox 1436 695 1524 775">
    <p class='ocr_par' dir='ltr' id='par_1_13' title="bbox 1436 695 1524 775">
     <span class='ocr_line' id='line_1_35' title="bbox 1436 695 1510 728; baseline -0.014 0"><span class='ocrx_word' id='word_1_235' title='bbox 1436 695 1510 728; x_wconf 63' lang='lat' dir='ltr'>Am</span> 
     </span>
     <span class='ocr_line' id='line_1_36' title="bbox 1438 742 1524 775; baseline 0 0"><span class='ocrx_word' id='word_1_236' title='bbox 1438 742 1524 775; x_wconf 44' lang='lat' dir='ltr'>Pus</span> 
     </span>
    </p>
   </div>
   <div class='ocr_carea' id='block_1_12' title="bbox 1438 1254 1530 1288">
    <p class='ocr_par' dir='ltr' id='par_1_14' title="bbox 1438 1254 1530 1288">
     <span class='ocr_line' id='line_1_37' title="bbox 1438 1254 1530 1288; baseline 0 -1"><span class='ocrx_word' id='word_1_237' title='bbox 1438 1254 1530 1288; x_wconf 65' lang='lat' dir='ltr'>an</span> 
     </span>
    </p>
   </div>
   <div class='ocr_carea' id='block_1_13' title="bbox 1442 1493 1518 1526">
    <p class='ocr_par' dir='ltr' id='par_1_15' title="bbox 1442 1493 1518 1526">
     <span class='ocr_line' id='line_1_38' title="bbox 1442 1493 1518 1526; baseline 0.013 -1"><span class='ocrx_word' id='word_1_238' title='bbox 1442 1493 1469 1525; x_wconf 92' lang='lat' dir='ltr'>A</span> <span class='ocrx_word' id='word_1_239' title='bbox 1485 1503 1518 1526; x_wconf 68' lang='lat'>«22</span> 
     </span>
    </p>
   </div>
  </div>
 </body>
</html>
