1669 2545
62 760 96 783 10

63 1055 95 1080 15

123 103 185 137 La.
202 106 281 144 200,
298 106 447 144 1-201,
463 106 482 136 2
641 101 957 136 CONSTITVTIO
1208 103 1274 136 AB
1285 103 1312 137 P
1390 103 1470 144 163

122 213 302 266 primam
344 213 500 253 sortem
540 210 827 251 centuriarum
866 211 1015 251 tollere
1055 210 1279 252 debebunt.
1325 212 1471 252 eodem

123 272 318 324 exemplo
345 273 386 311 et
411 269 549 311 ceteri.
589 269 701 323 quod
721 270 757 310 si
777 269 862 310 illis
885 269 1141 322 conuenerit,
1167 272 1215 310 ut
1236 271 1471 311 conternati

123 329 267 371 sortiri
300 329 494 382 debeant,
524 326 529 383 Ι
560 328 631 382 qui
664 330 749 369 tres
782 328 964 381 primam
998 329 1283 369 centuriarum
1313 331 1470 370 sortem

121 389 311 442 accipere
337 388 529 442 debeant,
556 388 925 429 conternationum
952 387 1159 429 factarum
1188 388 1357 443 singula
1384 403 1473 429 sor-

122 447 238 489 tibus
264 448 438 489 nomina
464 446 756 488 inscribemus.
795 449 842 487 ut
870 446 905 487 si
933 447 1179 488 conuenerit
1204 447 1336 488 Lucio
1358 446 1471 488 Titio

122 506 227 548 Luci
254 507 356 561 filio,
383 505 478 548 Seio
500 505 588 547 Titi
613 506 716 559 filio,
742 505 900 560 Agerio
921 504 1023 546 Auli
1049 507 1152 559 filio,
1179 507 1391 547 ueteranis
1418 507 1472 547 le-

122 566 262 620 gionis
284 566 458 619 quintae
478 564 681 619 Alaudae,
708 579 758 605 ex
780 565 838 606 eis
866 580 998 605 unum
1019 566 1123 606 sorti
1144 580 1300 606 nomen
1327 567 1473 606 inscri-

121 625 271 666 bemus
297 627 339 666 et
371 627 502 678 quoto
534 625 628 666 loco
657 624 806 665 exierit
834 624 1090 665 notabimus.
1130 624 1165 665 si
1191 626 1473 666 conternatio-

120 699 217 725 nem
250 698 356 725 urna
386 683 529 738 faciet,
566 683 747 739 singulis
780 683 968 724 sortibus
1001 684 1265 738 singulorum
1300 684 1474 725 nomina

123 743 420 795 inscribemus,
453 746 493 784 et
527 758 550 784 a
580 743 719 797 primo
753 757 887 796 usque
919 742 971 783 ad
1004 744 1180 784 tertium
1215 743 1289 797 qui
1322 744 1472 784 exierit

122 802 202 843 erit
220 802 356 855 prima
370 802 648 844 conternatio.
682 803 742 844 sic
763 805 804 843 et
825 805 998 843 ceterae.
1031 802 1106 843 has
1129 803 1471 844 conternationes

121 861 288 902 sublata
321 864 435 902 sorte
464 863 468 914 Ι
499 862 671 916 quidam
700 861 868 902 tabulas
896 863 1238 916 appellauerunt7
1271 863 1473 915 quoniam

121 920 338 963 codicibus
372 921 705 975 excipiebantur,
738 923 779 962 et
806 935 829 960 a
854 921 992 974 prima
1020 935 1113 962 cera
1138 922 1320 975 primam
1354 921 1473 962 tabu-

120 981 204 1021 lam
232 981 566 1034 appellauerunt>
606 983 778 1034 peracta
806 979 955 1020 deinde
988 980 1358 1021 conternationum
1390 995 1474 1022 sor-

122 1039 274 1080 titione
307 1053 454 1080 omnes
486 1040 697 1080 centurias
730 1039 916 1080 sortibus
948 1054 1024 1093 per
1057 1039 1246 1094 singulas
1274 1039 1474 1080 inscribe-

122 1113 216 1139 mus
244 1101 285 1139 et
310 1099 354 1139 in
381 1113 528 1139 urnam
556 1099 792 1140 mittemus:
820 1098 917 1138 inde
939 1113 1044 1152 quae
1072 1099 1260 1140 centuria
1286 1100 1473 1153 primum

123 1157 290 1210 exierit,
322 1157 373 1198 ad
401 1157 579 1211 primam
608 1158 973 1199 conternationem
1001 1157 1243 1211 pertinebit.
1283 1158 1339 1198 sit
1364 1158 1473 1199 forte

123 1217 312 1257 centuria
337 1223 368 1257 D
387 1252 391 1258 .
407 1224 614 1258 DXXXX*
640 1223 743 1257 V.K
759 1252 764 1257 .
780 1223 933 1258 XLVII:
959 1216 1067 1258 hanc
1095 1231 1144 1258 ex
1170 1217 1308 1271 prima
1328 1217 1474 1258 tabula

122 1279 206 1316 tres
228 1277 419 1330 accipere
440 1275 665 1317 debebunt.
705 1277 818 1330 quod
844 1276 887 1317 in
909 1276 1016 1316 aeris
1042 1276 1165 1317 libris
1193 1276 1251 1317 sic
1276 1276 1473 1317 inscribe-

182 1435 197 1461 1
225 1427 429 1470 centuriam
450 1431 478 1461 A
501 1430 504 1471 Ι
528 1428 685 1472 primam
707 1429 844 1462 sortem
865 1427 1130 1474 centuriarum]
1158 1429 1285 1463 deinde
1310 1436 1382 1462 1—3
1405 1427 1475 1463 tol·

122 1475 198 1510 lere
224 1496 269 1500 —-
295 1496 339 1500 ——
365 1475 521 1519 primam
550 1476 800 1510 centuriarum
828 1478 964 1510 sortem
991 1487 1057 1510 om.
1078 1479 1103 1509 B
1132 1478 1136 1519 Ι
1165 1476 1312 1522 tollere]
1341 1476 1473 1510 ducere

123 1527 148 1556 P
257 1530 274 1556 2
301 1522 469 1566 exemplo
496 1534 561 1558 om.
583 1526 611 1556 A
640 1525 644 1566 1
674 1523 888 1557 conuenerit
913 1524 956 1557 ut
981 1523 1059 1568 AB]
1089 1522 1310 1568 permissum
1337 1524 1407 1558 erit
1432 1526 1474 1558 ut

123 1570 220 1604 inter
246 1570 508 1604 conuenientes
535 1572 799 1605 conternent-ar
824 1574 849 1603 P
950 1577 967 1604 3
995 1570 1172 1617 debeant]
1200 1571 1389 1605 debebunt
1414 1575 1438 1604 P
1468 1573 1469 1582 ¹

122 1617 280 1661 primam
307 1621 343 1660 P,
369 1629 487 1662 p-um
513 1621 553 1660 A,
579 1629 691 1652 unam
720 1619 861 1653 mauult
883 1618 953 1652 La.
983 1620 987 1661 1
1017 1619 1222 1652 centuriam
1248 1622 1286 1659 A,
1315 1619 1422 1652 c-iae
1450 1622 1474 1651 P

183 1672 201 1698 4
234 1665 511 1700 conternatione
538 1668 584 1708 A,
617 1676 725 1699 c-em
751 1668 776 1698 B
875 1673 892 1699 5
925 1666 1120 1700 scribimus
1153 1669 1178 1699 Β
1207 1668 1211 1709 1
1241 1666 1284 1710 si]
1321 1667 1359 1700 id
1389 1669 1414 1699 B

124 1716 546 1771 5-6,Ι’1.’1’.11.1Ξ“.Ρ
644 1743 661 1770 6
688 1737 763 1770 seio
790 1737 860 1771 1110
887 1736 962 1770 fino
989 1740 1032 1777 B,
1065 1735 1126 1770 1111
1159 1735 1234 1770 fflio
1261 1740 1306 1779 A,
1341 1738 1376 1771 et
1405 1737 1475 1771 .P.

125 1783 229 1817 SEIO
256 1785 272 1817 t
297 1783 345 1818 F.
371 1787 397 1816 P
437 1785 441 1827 Ι
483 1784 607 1828 agei-io
640 1784 741 1819 bullo
775 1784 850 1818 filio
883 1787 926 1826 B,
960 1786 996 1818 et
1022 1782 1237 1818 AGGERIO
1264 1784 1360 1818 AF.
1390 1788 1416 1817 P

124 1837 208 1864 6-7
235 1830 393 1875 legionis
419 1835 465 1874 A,
496 1831 715 1876 legionariis
741 1835 784 1873 Β,
817 1831 888 1876 leg.
915 1836 941 1864 P
1049 1838 1063 1864 7
1092 1831 1245 1874 quintae
1272 1831 1406 1866 alaude
1432 1832 1474 1878 P]

124 1878 256 1921 quinta
283 1878 419 1913 aliauel
438 1882 479 1921 A,
506 1879 636 1922 quinto
663 1879 723 1913 ala
743 1879 873 1924 quinto
894 1882 920 1912 B
943 1882 948 1923 1
971 1879 1040 1924 eis]
1067 1879 1125 1912 his
1148 1882 1173 1911 P
1196 1880 1201 1922 1
1225 1878 1315 1913 sorti
1341 1890 1475 1914 nomen

124 1925 165 1970 P]
194 1925 348 1959 sortium
375 1926 527 1960 nomina
553 1929 615 1959 AB
715 1933 798 1960 7—8
825 1926 1060 1960 inscribimus
1086 1929 1112 1959 B
1210 1933 1228 1959 8
1255 1927 1383 1972 quoto]
1412 1926 1476 1971 qui

126 1971 255 2016 quinto
282 1976 307 2005 B
337 1975 340 2017 Ι
370 1973 402 2012 si
426 1974 466 2019 P]
494 1973 546 2007 sic
572 1977 634 2007 AB
727 1981 744 2007 9
770 1975 879 2020 urna]
906 1978 980 2008 una
1006 1977 1031 2006 B
1060 1975 1065 2019 1
1093 1973 1222 2019 faciet]
1250 1973 1364 2008 facies
1390 1978 1416 2007 P

126 2026 231 2052 9-10
256 2019 411 2065 singulis
439 2041 482 2046 —
511 2042 554 2046 —-
582 2032 603 2055 a
628 2021 747 2065 primo
774 2022 815 2067 P]
844 2022 932 2055 dum
957 2024 1020 2054 AB
1136 2028 1169 2054 11
1196 2021 1265 2054 erit
1292 2033 1357 2056 om.
1379 2024 1440 2054 AP
1468 2021 1472 2067 Ι

124 2066 246 2111 prima
271 2067 311 2112 P]
338 2078 413 2101 una
435 2071 496 2101 AB
521 2071 524 2112 Ι
548 2068 662 2102 ceteri
681 2071 755 2111 AB,
781 2069 946 2111 reliquae
972 2069 1076 2102 PLa.
1100 2071 1104 2109 1
1127 2068 1204 2102 Has
1230 2071 1259 2101 A
1332 2075 1367 2101 12
1395 2068 1475 2111 qui-

126 2114 210 2148 dem
236 2117 265 2146 A
288 2116 291 2157 1
315 2115 597 2158 appellauerant
623 2119 652 2148 A
743 2122 780 2149 13
807 2115 1013 2161 codicibus]
1040 2115 1226 2149 iudicibus
1252 2119 1278 2148 P
1300 2116 1304 2159 1
1328 2116 1375 2149 ad
1402 2116 1476 2160 pri-

125 2172 225 2195 mam
252 2172 374 2195 ceram
399 2165 424 2195 B
539 2170 575 2196 14
603 2163 883 2197 conternatione
908 2166 938 2195 A
1052 2168 1185 2196 14—15
1215 2163 1407 2197 sortitione
1434 2163 1475 2208 P]

126 2209 340 2242 sortitorum
366 2212 406 2250 A,
433 2209 630 2243 sortior-um
656 2213 681 2243 B
764 2217 799 2243 15
826 2209 987 2244 sortibus
1014 2221 1080 2245 om.
1101 2212 1126 2242 B
1210 2217 1320 2243 15—16
1348 2210 1476 2244 scribi-

75 2259 77 2261 ’
125 2267 207 2289 mus
233 2259 259 2288 B
373 2263 410 2289 16
435 2256 619 2291 mittimus
645 2261 671 2290 B
786 2264 821 2290 17
851 2257 914 2303 sit]
942 2257 973 2290 si
998 2260 1027 2290 A
1136 2263 1171 2290 18
1198 2257 1353 2291 XLVII.
1380 2261 1405 2290 P
1432 2259 1478 2302 (et

124 2314 191 2338 rec.
212 2306 271 2346 A),
304 2303 451 2337 LXVHI
476 2307 520 2345 A,
553 2304 744 2338 XXXVH.
771 2307 808 2339 B.
853 2305 996 2339 Deinde
1028 2310 1160 2349 ls—p.
1176 2311 1243 2344 164,
1258 2312 1274 2337 1
1303 2305 1399 2339 hanc
1432 2316 1476 2339 ex

125 2351 246 2394 prima
267 2371 311 2375 —
327 2371 369 2375 —
386 2371 429 2376 —
444 2350 492 2384 V.
508 2351 561 2384 K.
578 2351 709 2386 XLVII
723 2379 730 2386 .
751 2353 788 2396 P]
818 2363 885 2387 om.
903 2354 965 2385 AB
985 2353 1061 2386 Mo.
1080 2351 1158 2386 Ges.
1177 2352 1274 2386 Schr.
1294 2353 1340 2386 ΙΙ
1359 2355 1439 2395 111,
1452 2355 1476 2387 2

1195 2412 1261 2445 11*

1499 334 1529 367 A
1542 343 1590 368 119
