<?xml version="1.0" encoding="UTF-8"?>
<!DOCTYPE html PUBLIC "-//W3C//DTD XHTML 1.0 Transitional//EN"
    "http://www.w3.org/TR/xhtml1/DTD/xhtml1-transitional.dtd">
<html xmlns="http://www.w3.org/1999/xhtml" xml:lang="en" lang="en">
 <head>
  <title>
</title>
<meta http-equiv="Content-Type" content="text/html;charset=utf-8" />
  <meta name='ocr-system' content='tesseract 3.04.00' />
  <meta name='ocr-capabilities' content='ocr_page ocr_carea ocr_par ocr_line ocrx_word'/>
</head>
<body>
  <div class='ocr_page' id='page_1' title='image "./corpusagrimensor01thuluoft_0064.png"; bbox 0 0 1669 2545; ppageno 0'>
   <div class='ocr_carea' id='block_1_1' title="bbox 86 720 163 752">
    <p class='ocr_par' dir='ltr' id='par_1_1' title="bbox 86 720 163 752">
     <span class='ocr_line' id='line_1_1' title="bbox 86 720 163 752; baseline 0 0"><span class='ocrx_word' id='word_1_1' title='bbox 86 720 114 752; x_wconf 72' lang='lat' dir='ltr'><strong>G</strong></span> <span class='ocrx_word' id='word_1_2' title='bbox 132 728 163 752; x_wconf 73' lang='lat'>19</span> 
     </span>
    </p>
   </div>
   <div class='ocr_carea' id='block_1_2' title="bbox 192 90 1540 136">
    <p class='ocr_par' dir='ltr' id='par_1_2' title="bbox 192 90 1540 136">
     <span class='ocr_line' id='line_1_2' title="bbox 192 90 1540 136; baseline -0.004 -4"><span class='ocrx_word' id='word_1_3' title='bbox 192 93 249 132; x_wconf 74' lang='lat'>54</span> <span class='ocrx_word' id='word_1_4' title='bbox 324 92 386 136; x_wconf 79' lang='lat' dir='ltr'>Gp</span> <span class='ocrx_word' id='word_1_5' title='bbox 707 90 1017 126; x_wconf 79' lang='lat' dir='ltr'>COMMENTVM</span> <span class='ocrx_word' id='word_1_6' title='bbox 1228 92 1289 125; x_wconf 79' lang='lat' dir='ltr'>La..</span> <span class='ocrx_word' id='word_1_7' title='bbox 1306 96 1338 134; x_wconf 84' lang='lat'>3,</span> <span class='ocrx_word' id='word_1_8' title='bbox 1357 96 1480 132; x_wconf 79' lang='lat'>15-4,</span> <span class='ocrx_word' id='word_1_9' title='bbox 1497 96 1540 127; x_wconf 83' lang='lat'>16</span> 
     </span>
    </p>
   </div>
   <div class='ocr_carea' id='block_1_3' title="bbox 185 197 1599 1425">
    <p class='ocr_par' dir='ltr' id='par_1_3' title="bbox 185 197 1599 1425">
     <span class='ocr_line' id='line_1_3' title="bbox 191 197 1541 233; baseline 0 -1"><span class='ocrx_word' id='word_1_10' title='bbox 191 198 361 233; x_wconf 88' lang='lat' dir='ltr'>tudinem</span> <span class='ocrx_word' id='word_1_11' title='bbox 376 198 473 232; x_wconf 86' lang='lat' dir='ltr'>hanc</span> <span class='ocrx_word' id='word_1_12' title='bbox 487 199 689 232; x_wconf 80' lang='lat' dir='ltr'>seeundum</span> <span class='ocrx_word' id='word_1_13' title='bbox 705 197 844 231; x_wconf 84' lang='lat' dir='ltr'>idioma</span> <span class='ocrx_word' id='word_1_14' title='bbox 858 198 947 231; x_wconf 80' lang='lat' dir='ltr'>artis</span> <span class='ocrx_word' id='word_1_15' title='bbox 962 197 1083 232; x_wconf 87' lang='lat' dir='ltr'>uoluit</span> <span class='ocrx_word' id='word_1_16' title='bbox 1098 197 1294 231; x_wconf 80' lang='lat' dir='ltr'>Frontinus</span> <span class='ocrx_word' id='word_1_17' title='bbox 1309 197 1347 231; x_wconf 91' lang='lat' dir='ltr'>in</span> <span class='ocrx_word' id='word_1_18' title='bbox 1362 198 1541 232; x_wconf 87' lang='lat' dir='ltr'>orientem</span> 
     </span>
     <span class='ocr_line' id='line_1_4' title="bbox 190 245 1540 290; baseline 0 -11"><span class='ocrx_word' id='word_1_19' title='bbox 190 245 372 290; x_wconf 73' lang='lat' dir='ltr'>intellegi.</span> <span class='ocrx_word' id='word_1_20' title='bbox 404 257 491 279; x_wconf 86' lang='lat' dir='ltr'>nam</span> <span class='ocrx_word' id='word_1_21' title='bbox 519 245 606 278; x_wconf 88' lang='lat' dir='ltr'>dum</span> <span class='ocrx_word' id='word_1_22' title='bbox 634 245 882 289; x_wconf 86' lang='lat' dir='ltr'>superficiales</span> <span class='ocrx_word' id='word_1_23' title='bbox 908 256 1005 278; x_wconf 90' lang='lat' dir='ltr'>nunc</span> <span class='ocrx_word' id='word_1_24' title='bbox 1031 245 1232 289; x_wconf 85' lang='lat' dir='ltr'>qualitates</span> <span class='ocrx_word' id='word_1_25' title='bbox 1258 247 1405 279; x_wconf 83' lang='lat' dir='ltr'>tantum</span> <span class='ocrx_word' id='word_1_26' title='bbox 1431 246 1540 280; x_wconf 92' lang='lat' dir='ltr'>modo</span> 
     </span>
     <span class='ocr_line' id='line_1_5' title="bbox 191 292 1541 337; baseline 0.001 -11"><span class='ocrx_word' id='word_1_27' title='bbox 191 292 253 327; x_wconf 91' lang='lat' dir='ltr'>uel</span> <span class='ocrx_word' id='word_1_28' title='bbox 272 303 462 327; x_wconf 77' lang='lat' dir='ltr'>mensuras</span> <span class='ocrx_word' id='word_1_29' title='bbox 484 294 656 336; x_wconf 82' lang='lat' dir='ltr'>exponat,</span> <span class='ocrx_word' id='word_1_30' title='bbox 680 292 863 336; x_wconf 87' lang='lat' dir='ltr'>quomodo</span> <span class='ocrx_word' id='word_1_31' title='bbox 884 303 950 326; x_wconf 82' lang='lat' dir='ltr'>nos</span> <span class='ocrx_word' id='word_1_32' title='bbox 970 304 1165 336; x_wconf 81' lang='lat' dir='ltr'>possumus</span> <span class='ocrx_word' id='word_1_33' title='bbox 1186 292 1388 326; x_wconf 73' lang='lat' dir='ltr'><strong>soliditatis</strong></span> <span class='ocrx_word' id='word_1_34' title='bbox 1409 303 1541 337; x_wconf 89' lang='lat' dir='ltr'>corpus</span> 
     </span>
     <span class='ocr_line' id='line_1_6' title="bbox 192 339 1541 386; baseline 0 -12"><span class='ocrx_word' id='word_1_35' title='bbox 192 340 397 382; x_wconf 83' lang='lat' dir='ltr'>aduertere,</span> <span class='ocrx_word' id='word_1_36' title='bbox 412 340 451 373; x_wconf 91' lang='lat' dir='ltr'>in</span> <span class='ocrx_word' id='word_1_37' title='bbox 465 352 537 382; x_wconf 75' lang='lat' dir='ltr'>quo</span> <span class='ocrx_word' id='word_1_38' title='bbox 554 340 714 373; x_wconf 80' lang='lat' dir='ltr'>altitudo</span> <span class='ocrx_word' id='word_1_39' title='bbox 731 341 795 373; x_wconf 82' lang='lat' dir='ltr'>aut</span> <span class='ocrx_word' id='word_1_40' title='bbox 810 339 1017 373; x_wconf 73' lang='lat' dir='ltr'><strong>crassitudo</strong></span> <span class='ocrx_word' id='word_1_41' title='bbox 1030 341 1211 383; x_wconf 83' lang='lat' dir='ltr'>ponatur?</span> <span class='ocrx_word' id='word_1_42' title='bbox 1228 340 1341 385; x_wconf 48' lang='grc' dir='ltr'>τ1419101·</span> <span class='ocrx_word' id='word_1_43' title='bbox 1351 350 1432 386; x_wconf 73' lang='lat' dir='ltr'>erqo</span> <span class='ocrx_word' id='word_1_44' title='bbox 1446 340 1541 375; x_wconf 75' lang='lat' dir='ltr'><em>limi-</em></span> 
     </span>
     <span class='ocr_line' id='line_1_7' title="bbox 190 386 1599 431; baseline 0 -9"><span class='ocrx_word' id='word_1_45' title='bbox 190 389 289 422; x_wconf 76' lang='lat' dir='ltr'>ta&#39;tus</span> <span class='ocrx_word' id='word_1_46' title='bbox 302 388 369 421; x_wconf 76' lang='lat' dir='ltr'>hac</span> <span class='ocrx_word' id='word_1_47' title='bbox 382 388 624 422; x_wconf 69' lang='lat' dir='ltr'>similitudine</span> <span class='ocrx_word' id='word_1_48' title='bbox 637 387 835 422; x_wconf 75' lang='lat' dir='ltr'>decimanis</span> <span class='ocrx_word' id='word_1_49' title='bbox 848 392 881 421; x_wconf 77' lang='lat' dir='ltr'>et</span> <span class='ocrx_word' id='word_1_50' title='bbox 893 387 1109 421; x_wconf 68' lang='lat' dir='ltr'>cardinibus</span> <span class='ocrx_word' id='word_1_51' title='bbox 1122 387 1354 421; x_wconf 50' lang='lat' dir='ltr'>continetur&amp;</span> <span class='ocrx_word' id='word_1_52' title='bbox 1377 397 1464 431; x_wconf 88' lang='lat' dir='ltr'>ergo</span> <span class='ocrx_word' id='word_1_53' title='bbox 1480 386 1540 421; x_wconf 91' lang='lat' dir='ltr'>hic</span> <span class='ocrx_word' id='word_1_54' title='bbox 1583 399 1599 422; x_wconf 82' lang='lat'>5</span> 
     </span>
     <span class='ocr_line' id='line_1_8' title="bbox 191 434 1541 479; baseline 0 -11"><span class='ocrx_word' id='word_1_55' title='bbox 191 445 290 479; x_wconf 86' lang='lat' dir='ltr'>ager,</span> <span class='ocrx_word' id='word_1_56' title='bbox 312 445 421 478; x_wconf 87' lang='lat' dir='ltr'>quem</span> <span class='ocrx_word' id='word_1_57' title='bbox 442 434 479 467; x_wconf 88' lang='lat' dir='ltr'>in</span> <span class='ocrx_word' id='word_1_58' title='bbox 500 435 570 468; x_wconf 84' lang='lat' dir='ltr'>hac</span> <span class='ocrx_word' id='word_1_59' title='bbox 591 434 836 468; x_wconf 76' lang='lat' dir='ltr'>similitudine</span> <span class='ocrx_word' id='word_1_60' title='bbox 855 434 986 468; x_wconf 86' lang='lat' dir='ltr'>asserit</span> <span class='ocrx_word' id='word_1_61' title='bbox 1004 434 1184 468; x_wconf 76' lang='lat' dir='ltr'>contineri</span> <span class='ocrx_word' id='word_1_62' title='bbox 1203 434 1407 468; x_wconf 78' lang='lat' dir='ltr'>decimariis</span> <span class='ocrx_word' id='word_1_63' title='bbox 1427 436 1541 478; x_wconf 76' lang='lat' dir='ltr'>atque</span> 
     </span>
     <span class='ocr_line' id='line_1_9' title="bbox 190 480 1541 526; baseline 0 -11"><span class='ocrx_word' id='word_1_64' title='bbox 190 482 417 523; x_wconf 79' lang='lat' dir='ltr'>cardinibus,</span> <span class='ocrx_word' id='word_1_65' title='bbox 438 482 476 515; x_wconf 89' lang='lat' dir='ltr'>in</span> <span class='ocrx_word' id='word_1_66' title='bbox 496 493 533 515; x_wconf 81' lang='lat' dir='ltr'>re</span> <span class='ocrx_word' id='word_1_67' title='bbox 554 482 741 525; x_wconf 76' lang='lat' dir='ltr'>praesenti</span> <span class='ocrx_word' id='word_1_68' title='bbox 763 480 989 515; x_wconf 85' lang='lat' dir='ltr'>considerari</span> <span class='ocrx_word' id='word_1_69' title='bbox 1009 481 1156 526; x_wconf 83' lang='lat' dir='ltr'>poterit.</span> <span class='ocrx_word' id='word_1_70' title='bbox 1187 492 1274 515; x_wconf 90' lang='lat' dir='ltr'>nam</span> <span class='ocrx_word' id='word_1_71' title='bbox 1295 481 1541 515; x_wconf 85' lang='lat' dir='ltr'>decumanum</span> 
     </span>
     <span class='ocr_line' id='line_1_10' title="bbox 189 528 1540 573; baseline 0.001 -11"><span class='ocrx_word' id='word_1_72' title='bbox 189 528 348 563; x_wconf 80' lang='lat' dir='ltr'>limitem</span> <span class='ocrx_word' id='word_1_73' title='bbox 380 532 589 571; x_wconf 82' lang='lat' dir='ltr'>traxerunt,</span> <span class='ocrx_word' id='word_1_74' title='bbox 623 529 718 563; x_wconf 88' lang='lat' dir='ltr'>sicut</span> <span class='ocrx_word' id='word_1_75' title='bbox 747 528 948 573; x_wconf 86' lang='lat' dir='ltr'>Higenus</span> <span class='ocrx_word' id='word_1_76' title='bbox 982 528 1176 571; x_wconf 75' lang='lat' dir='ltr'>describit,</span> <span class='ocrx_word' id='word_1_77' title='bbox 1210 528 1255 562; x_wconf 87' lang='lat' dir='ltr'>ab</span> <span class='ocrx_word' id='word_1_78' title='bbox 1283 528 1476 563; x_wconf 87' lang='lat' dir='ltr'>occidente</span> <span class='ocrx_word' id='word_1_79' title='bbox 1501 528 1540 563; x_wconf 91' lang='lat' dir='ltr'>in</span> 
     </span>
     <span class='ocr_line' id='line_1_11' title="bbox 190 576 1540 621; baseline -0.001 -11"><span class='ocrx_word' id='word_1_80' title='bbox 190 576 380 615; x_wconf 72' lang='lat' dir='ltr'>orientem,</span> <span class='ocrx_word' id='word_1_81' title='bbox 399 576 588 610; x_wconf 81' lang='lat' dir='ltr'>cardinem</span> <span class='ocrx_word' id='word_1_82' title='bbox 606 587 692 610; x_wconf 85' lang='lat' dir='ltr'>uero</span> <span class='ocrx_word' id='word_1_83' title='bbox 710 588 731 610; x_wconf 83' lang='lat' dir='ltr'>a</span> <span class='ocrx_word' id='word_1_84' title='bbox 745 576 992 610; x_wconf 84' lang='lat' dir='ltr'>meridianum</span> <span class='ocrx_word' id='word_1_85' title='bbox 1009 576 1048 609; x_wconf 91' lang='lat' dir='ltr'>in</span> <span class='ocrx_word' id='word_1_86' title='bbox 1065 576 1412 621; x_wconf 81' lang='lat' dir='ltr'>septentrione&lt;m&gt;</span> <span class='ocrx_word' id='word_1_87' title='bbox 1428 576 1540 610; x_wconf 87' lang='lat' dir='ltr'>duxe—</span> 
     </span>
     <span class='ocr_line' id='line_1_12' title="bbox 189 623 1599 667; baseline 0.001 -10"><span class='ocrx_word' id='word_1_88' title='bbox 189 625 284 657; x_wconf 85' lang='lat' dir='ltr'>runt.</span> <span class='ocrx_word' id='word_1_89' title='bbox 319 624 471 667; x_wconf 83' lang='lat' dir='ltr'>quidam</span> <span class='ocrx_word' id='word_1_90' title='bbox 498 635 585 658; x_wconf 89' lang='lat' dir='ltr'>uero</span> <span class='ocrx_word' id='word_1_91' title='bbox 607 636 650 657; x_wconf 81' lang='lat' dir='ltr'>ex</span> <span class='ocrx_word' id='word_1_92' title='bbox 676 623 832 657; x_wconf 86' lang='lat' dir='ltr'>aduerso</span> <span class='ocrx_word' id='word_1_93' title='bbox 853 635 914 657; x_wconf 85' lang='lat' dir='ltr'>eos</span> <span class='ocrx_word' id='word_1_94' title='bbox 940 626 1109 657; x_wconf 79' lang='lat' dir='ltr'>asserunt</span> <span class='ocrx_word' id='word_1_95' title='bbox 1134 623 1366 657; x_wconf 81' lang='lat' dir='ltr'>constitutos.</span> <span class='ocrx_word' id='word_1_96' title='bbox 1398 635 1483 657; x_wconf 84' lang='lat' dir='ltr'>nam</span> <span class='ocrx_word' id='word_1_97' title='bbox 1504 626 1541 658; x_wconf 88' lang='lat' dir='ltr'>et</span> <span class='ocrx_word' id='word_1_98' title='bbox 1566 634 1599 658; x_wconf 87' lang='lat'>10</span> 
     </span>
     <span class='ocr_line' id='line_1_13' title="bbox 191 670 1539 714; baseline 0 -10"><span class='ocrx_word' id='word_1_99' title='bbox 191 670 280 704; x_wconf 88' lang='lat' dir='ltr'>alibi</span> <span class='ocrx_word' id='word_1_100' title='bbox 301 671 439 705; x_wconf 84' lang='lat' dir='ltr'>limites</span> <span class='ocrx_word' id='word_1_101' title='bbox 460 671 552 705; x_wconf 86' lang='lat' dir='ltr'>facti</span> <span class='ocrx_word' id='word_1_102' title='bbox 573 673 659 705; x_wconf 86' lang='lat' dir='ltr'>sunt</span> <span class='ocrx_word' id='word_1_103' title='bbox 679 671 725 704; x_wconf 87' lang='lat' dir='ltr'>ab</span> <span class='ocrx_word' id='word_1_104' title='bbox 746 670 815 712; x_wconf 89' lang='lat' dir='ltr'>his,</span> <span class='ocrx_word' id='word_1_105' title='bbox 837 671 901 714; x_wconf 87' lang='lat' dir='ltr'>qui</span> <span class='ocrx_word' id='word_1_106' title='bbox 922 670 1009 704; x_wconf 89' lang='lat' dir='ltr'>solis</span> <span class='ocrx_word' id='word_1_107' title='bbox 1029 672 1151 704; x_wconf 86' lang='lat' dir='ltr'>ortum</span> <span class='ocrx_word' id='word_1_108' title='bbox 1172 672 1209 704; x_wconf 88' lang='lat' dir='ltr'>et</span> <span class='ocrx_word' id='word_1_109' title='bbox 1229 681 1400 705; x_wconf 89' lang='lat' dir='ltr'>occasum</span> <span class='ocrx_word' id='word_1_110' title='bbox 1421 671 1539 705; x_wconf 86' lang='lat' dir='ltr'>secuti</span> 
     </span>
     <span class='ocr_line' id='line_1_14' title="bbox 190 718 1538 763; baseline 0.001 -12"><span class='ocrx_word' id='word_1_111' title='bbox 190 721 286 752; x_wconf 87' lang='lat' dir='ltr'>sunt.</span> <span class='ocrx_word' id='word_1_112' title='bbox 312 730 402 762; x_wconf 79' lang='lat' dir='ltr'>quos</span> <span class='ocrx_word' id='word_1_113' title='bbox 416 718 553 752; x_wconf 77' lang='lat' dir='ltr'>fefellit</span> <span class='ocrx_word' id='word_1_114' title='bbox 567 719 662 752; x_wconf 87' lang='lat' dir='ltr'>ratio</span> <span class='ocrx_word' id='word_1_115' title='bbox 677 719 913 763; x_wconf 81' lang='lat' dir='ltr'>geometriae.</span> <span class='ocrx_word' id='word_1_116' title='bbox 941 718 1034 752; x_wconf 81' lang='lat' dir='ltr'>mihi</span> <span class='ocrx_word' id='word_1_117' title='bbox 1050 719 1187 759; x_wconf 86' lang='lat' dir='ltr'>tamen,</span> <span class='ocrx_word' id='word_1_118' title='bbox 1221 718 1317 752; x_wconf 87' lang='lat' dir='ltr'>sicut</span> <span class='ocrx_word' id='word_1_119' title='bbox 1336 718 1538 763; x_wconf 85' lang='lat' dir='ltr'>Higenus</span> 
     </span>
     <span class='ocr_line' id='line_1_15' title="bbox 189 765 1538 808; baseline 0 -9"><span class='ocrx_word' id='word_1_120' title='bbox 189 766 365 800; x_wconf 78' lang='lat' dir='ltr'>constitui</span> <span class='ocrx_word' id='word_1_121' title='bbox 388 766 554 800; x_wconf 85' lang='lat' dir='ltr'>decreuit</span> <span class='ocrx_word' id='word_1_122' title='bbox 574 766 724 807; x_wconf 85' lang='lat' dir='ltr'>limites,</span> <span class='ocrx_word' id='word_1_123' title='bbox 748 766 802 799; x_wconf 89' lang='lat' dir='ltr'>ita</span> <span class='ocrx_word' id='word_1_124' title='bbox 820 765 1044 799; x_wconf 82' lang='lat' dir='ltr'>rationabile</span> <span class='ocrx_word' id='word_1_125' title='bbox 1063 765 1224 808; x_wconf 80' lang='lat' dir='ltr'>uidetur,</span> <span class='ocrx_word' id='word_1_126' title='bbox 1248 767 1290 799; x_wconf 90' lang='lat' dir='ltr'>ut</span> <span class='ocrx_word' id='word_1_127' title='bbox 1310 765 1538 800; x_wconf 85' lang='lat' dir='ltr'>decumanus</span> 
     </span>
     <span class='ocr_line' id='line_1_16' title="bbox 188 813 1536 847; baseline 0 -1"><span class='ocrx_word' id='word_1_128' title='bbox 188 813 371 847; x_wconf 76' lang='lat' dir='ltr'>maximus</span> <span class='ocrx_word' id='word_1_129' title='bbox 391 814 429 846; x_wconf 88' lang='lat' dir='ltr'>in</span> <span class='ocrx_word' id='word_1_130' title='bbox 450 813 629 847; x_wconf 87' lang='lat' dir='ltr'>orientem</span> <span class='ocrx_word' id='word_1_131' title='bbox 650 815 791 847; x_wconf 85' lang='lat' dir='ltr'>crescat</span> <span class='ocrx_word' id='word_1_132' title='bbox 817 816 853 846; x_wconf 88' lang='lat' dir='ltr'>et</span> <span class='ocrx_word' id='word_1_133' title='bbox 880 813 990 846; x_wconf 86' lang='lat' dir='ltr'>cardo</span> <span class='ocrx_word' id='word_1_134' title='bbox 1011 813 1192 846; x_wconf 73' lang='lat' dir='ltr'>maximus·</span> <span class='ocrx_word' id='word_1_135' title='bbox 1218 813 1256 846; x_wconf 90' lang='lat' dir='ltr'>in</span> <span class='ocrx_word' id='word_1_136' title='bbox 1277 813 1536 847; x_wconf 86' lang='lat' dir='ltr'>meridianum.</span> 
     </span>
     <span class='ocr_line' id='line_1_17' title="bbox 190 860 1595 906; baseline 0.001 -11"><span class='ocrx_word' id='word_1_137' title='bbox 190 861 304 906; x_wconf 70' lang='lat' dir='ltr'>‘Ayer</span> <span class='ocrx_word' id='word_1_138' title='bbox 313 872 382 905; x_wconf 72' lang='lat' dir='ltr'>per</span> <span class='ocrx_word' id='word_1_139' title='bbox 393 862 527 904; x_wconf 70' lang='lat' dir='ltr'>striqas</span> <span class='ocrx_word' id='word_1_140' title='bbox 543 866 575 895; x_wconf 73' lang='lat' dir='ltr'>et</span> <span class='ocrx_word' id='word_1_141' title='bbox 586 872 653 904; x_wconf 78' lang='lat' dir='ltr'>per</span> <span class='ocrx_word' id='word_1_142' title='bbox 666 872 815 895; x_wconf 75' lang='lat' dir='ltr'>scamna</span> <span class='ocrx_word' id='word_1_143' title='bbox 830 860 974 894; x_wconf 71' lang='lat' dir='ltr'>diuisus</span> <span class='ocrx_word' id='word_1_144' title='bbox 990 865 1022 894; x_wconf 77' lang='lat' dir='ltr'>et</span> <span class='ocrx_word' id='word_1_145' title='bbox 1038 861 1246 905; x_wconf 77' lang='lat' dir='ltr'>assiynatus</span> <span class='ocrx_word' id='word_1_146' title='bbox 1261 864 1312 895; x_wconf 78' lang='lat' dir='ltr'>est</span> <span class='ocrx_word' id='word_1_147' title='bbox 1330 871 1423 895; x_wconf 84' lang='lat' dir='ltr'>more</span> <span class='ocrx_word' id='word_1_148' title='bbox 1439 861 1536 894; x_wconf 72' lang='lat' dir='ltr'>anti-</span> <span class='ocrx_word' id='word_1_149' title='bbox 1562 871 1595 896; x_wconf 81' lang='lat'>15</span> 
     </span>
     <span class='ocr_line' id='line_1_18' title="bbox 189 908 1533 952; baseline -0.001 -10"><span class='ocrx_word' id='word_1_150' title='bbox 189 919 257 952; x_wconf 72' lang='lat' dir='ltr'>quo</span> <span class='ocrx_word' id='word_1_151' title='bbox 274 910 314 942; x_wconf 51' lang='lat'>23„</span> <span class='ocrx_word' id='word_1_152' title='bbox 330 909 398 943; x_wconf 77' lang='lat' dir='ltr'>hac</span> <span class='ocrx_word' id='word_1_153' title='bbox 413 908 665 949; x_wconf 53' lang='lat' dir='ltr'>subndituffine,</span> <span class='ocrx_word' id='word_1_154' title='bbox 686 919 757 951; x_wconf 76' lang='lat' dir='ltr'>qua</span> <span class='ocrx_word' id='word_1_155' title='bbox 779 909 818 941; x_wconf 72' lang='lat' dir='ltr'>in</span> <span class='ocrx_word' id='word_1_156' title='bbox 838 908 1041 950; x_wconf 65' lang='lat' dir='ltr'>prouinciis</span> <span class='ocrx_word' id='word_1_157' title='bbox 1058 919 1151 942; x_wconf 75' lang='lat' dir='ltr'>arua</span> <span class='ocrx_word' id='word_1_158' title='bbox 1168 908 1319 951; x_wconf 58' lang='lat' dir='ltr'>publica</span> <span class='ocrx_word' id='word_1_159' title='bbox 1338 908 1533 942; x_wconf 61' lang='lat' dir='ltr'>coWntur’.</span> 
     </span>
     <span class='ocr_line' id='line_1_19' title="bbox 188 955 1535 999; baseline 0.001 -11"><span class='ocrx_word' id='word_1_160' title='bbox 188 965 277 999; x_wconf 84' lang='lat' dir='ltr'>ager</span> <span class='ocrx_word' id='word_1_161' title='bbox 304 966 406 999; x_wconf 83' lang='lat' dir='ltr'>ergo,</span> <span class='ocrx_word' id='word_1_162' title='bbox 441 956 519 989; x_wconf 83' lang='lat' dir='ltr'>siue</span> <span class='ocrx_word' id='word_1_163' title='bbox 551 966 617 999; x_wconf 90' lang='lat' dir='ltr'>per</span> <span class='ocrx_word' id='word_1_164' title='bbox 642 955 778 999; x_wconf 82' lang='lat' dir='ltr'>strigas</span> <span class='ocrx_word' id='word_1_165' title='bbox 808 955 886 988; x_wconf 88' lang='lat' dir='ltr'>siue</span> <span class='ocrx_word' id='word_1_166' title='bbox 915 965 981 998; x_wconf 88' lang='lat' dir='ltr'>per</span> <span class='ocrx_word' id='word_1_167' title='bbox 1007 965 1158 988; x_wconf 81' lang='lat' dir='ltr'>scamna</span> <span class='ocrx_word' id='word_1_168' title='bbox 1184 955 1326 988; x_wconf 87' lang='lat' dir='ltr'>diuisus</span> <span class='ocrx_word' id='word_1_169' title='bbox 1359 955 1424 997; x_wconf 90' lang='lat' dir='ltr'>sit,</span> <span class='ocrx_word' id='word_1_170' title='bbox 1457 955 1535 989; x_wconf 87' lang='lat' dir='ltr'>siue</span> 
     </span>
     <span class='ocr_line' id='line_1_20' title="bbox 187 1001 1536 1047; baseline -0.001 -11"><span class='ocrx_word' id='word_1_171' title='bbox 187 1013 420 1047; x_wconf 87' lang='lat' dir='ltr'>quocumque</span> <span class='ocrx_word' id='word_1_172' title='bbox 441 1002 515 1036; x_wconf 85' lang='lat' dir='ltr'>alio</span> <span class='ocrx_word' id='word_1_173' title='bbox 536 1002 666 1036; x_wconf 66' lang='lat' dir='ltr'>ordine</span> <span class='ocrx_word' id='word_1_174' title='bbox 692 1001 917 1042; x_wconf 87' lang='lat' dir='ltr'>succedenti</span> <span class='ocrx_word' id='word_1_175' title='bbox 945 1002 1157 1046; x_wconf 83' lang='lat' dir='ltr'>assignatus</span> <span class='ocrx_word' id='word_1_176' title='bbox 1184 1004 1239 1036; x_wconf 87' lang='lat' dir='ltr'>est</span> <span class='ocrx_word' id='word_1_177' title='bbox 1261 1013 1360 1036; x_wconf 89' lang='lat' dir='ltr'>more</span> <span class='ocrx_word' id='word_1_178' title='bbox 1381 1002 1536 1045; x_wconf 88' lang='lat' dir='ltr'>antiquo</span> 
     </span>
     <span class='ocr_line' id='line_1_21' title="bbox 188 1049 1536 1103; baseline 0.001 -20"><span class='ocrx_word' id='word_1_179' title='bbox 188 1051 300 1103; x_wconf 78' lang='lat' dir='ltr'>atque</span> <span class='ocrx_word' id='word_1_180' title='bbox 321 1049 475 1093; x_wconf 84' lang='lat' dir='ltr'>antiquo</span> <span class='ocrx_word' id='word_1_181' title='bbox 498 1050 652 1083; x_wconf 82' lang='lat' dir='ltr'>arbitrio</span> <span class='ocrx_word' id='word_1_182' title='bbox 673 1049 711 1083; x_wconf 91' lang='lat' dir='ltr'>in</span> <span class='ocrx_word' id='word_1_183' title='bbox 737 1050 807 1083; x_wconf 81' lang='lat' dir='ltr'>hac</span> <span class='ocrx_word' id='word_1_184' title='bbox 834 1049 1090 1090; x_wconf 83' lang='lat' dir='ltr'>similitudine</span> <span class='ocrx_word' id='word_1_185' title='bbox 1119 1060 1193 1093; x_wconf 82' lang='lat' dir='ltr'>qua</span> <span class='ocrx_word' id='word_1_186' title='bbox 1219 1050 1257 1083; x_wconf 91' lang='lat' dir='ltr'>in</span> <span class='ocrx_word' id='word_1_187' title='bbox 1278 1049 1433 1083; x_wconf 88' lang='lat' dir='ltr'>diuersis</span> <span class='ocrx_word' id='word_1_188' title='bbox 1453 1060 1536 1094; x_wconf 84' lang='lat' dir='ltr'>pro-</span> 
     </span>
     <span class='ocr_line' id='line_1_22' title="bbox 186 1096 1595 1151; baseline -0.001 -21"><span class='ocrx_word' id='word_1_189' title='bbox 186 1096 321 1131; x_wconf 84' lang='lat' dir='ltr'>uinciis</span> <span class='ocrx_word' id='word_1_190' title='bbox 349 1108 439 1131; x_wconf 77' lang='lat' dir='ltr'>arua</span> <span class='ocrx_word' id='word_1_191' title='bbox 464 1096 617 1151; x_wconf 76' lang='lat' dir='ltr'>publica</span> <span class='ocrx_word' id='word_1_192' title='bbox 643 1097 715 1131; x_wconf 89' lang='lat' dir='ltr'>coli</span> <span class='ocrx_word' id='word_1_193' title='bbox 741 1096 996 1141; x_wconf 83' lang='lat' dir='ltr'>perspicimus.</span> <span class='ocrx_word' id='word_1_194' title='bbox 1033 1107 1119 1130; x_wconf 86' lang='lat' dir='ltr'>nam</span> <span class='ocrx_word' id='word_1_195' title='bbox 1145 1097 1245 1140; x_wconf 88' lang='lat' dir='ltr'>quod</span> <span class='ocrx_word' id='word_1_196' title='bbox 1270 1097 1422 1141; x_wconf 85' lang='lat' dir='ltr'>publica</span> <span class='ocrx_word' id='word_1_197' title='bbox 1448 1107 1537 1130; x_wconf 86' lang='lat' dir='ltr'>arua</span> <span class='ocrx_word' id='word_1_198' title='bbox 1563 1108 1595 1131; x_wconf 76' lang='lat'>20</span> 
     </span>
     <span class='ocr_line' id='line_1_23' title="bbox 187 1143 1536 1188; baseline -0.001 -10"><span class='ocrx_word' id='word_1_199' title='bbox 187 1144 259 1178; x_wconf 82' lang='lat' dir='ltr'>coli</span> <span class='ocrx_word' id='word_1_200' title='bbox 274 1144 377 1187; x_wconf 81' lang='lat' dir='ltr'>dicit,</span> <span class='ocrx_word' id='word_1_201' title='bbox 395 1156 440 1178; x_wconf 90' lang='lat' dir='ltr'>ne</span> <span class='ocrx_word' id='word_1_202' title='bbox 455 1144 715 1178; x_wconf 81' lang='lat' dir='ltr'>ammiiemini.</span> <span class='ocrx_word' id='word_1_203' title='bbox 742 1155 828 1178; x_wconf 87' lang='lat' dir='ltr'>nam</span> <span class='ocrx_word' id='word_1_204' title='bbox 845 1144 930 1178; x_wconf 90' lang='lat' dir='ltr'>ideo</span> <span class='ocrx_word' id='word_1_205' title='bbox 945 1143 1096 1188; x_wconf 83' lang='grc' dir='ltr'>11111111οα</span> <span class='ocrx_word' id='word_1_206' title='bbox 1111 1144 1179 1178; x_wconf 85' lang='grc'>1100</span> <span class='ocrx_word' id='word_1_207' title='bbox 1194 1144 1274 1178; x_wconf 90' lang='grc'>1000</span> <span class='ocrx_word' id='word_1_208' title='bbox 1295 1154 1379 1178; x_wconf 85' lang='grc'>011111</span> <span class='ocrx_word' id='word_1_209' title='bbox 1399 1144 1536 1177; x_wconf 84' lang='lat' dir='ltr'>dixisse</span> 
     </span>
     <span class='ocr_line' id='line_1_24' title="bbox 187 1191 1537 1236; baseline -0.001 -10"><span class='ocrx_word' id='word_1_210' title='bbox 187 1192 355 1234; x_wconf 83' lang='lat' dir='ltr'>aestimo,</span> <span class='ocrx_word' id='word_1_211' title='bbox 382 1192 481 1235; x_wconf 86' lang='lat' dir='ltr'>quod</span> <span class='ocrx_word' id='word_1_212' title='bbox 503 1203 629 1226; x_wconf 87' lang='lat' dir='ltr'>omnes</span> <span class='ocrx_word' id='word_1_213' title='bbox 650 1192 763 1226; x_wconf 87' lang='lat' dir='ltr'>etiam</span> <span class='ocrx_word' id='word_1_214' title='bbox 783 1191 924 1235; x_wconf 90' lang='lat' dir='ltr'>priuati</span> <span class='ocrx_word' id='word_1_215' title='bbox 942 1191 1021 1236; x_wconf 85' lang='lat' dir='ltr'>agri</span> <span class='ocrx_word' id='word_1_216' title='bbox 1043 1191 1184 1225; x_wconf 79' lang='lat' dir='ltr'>tributa</span> <span class='ocrx_word' id='word_1_217' title='bbox 1205 1194 1316 1234; x_wconf 88' lang='lat' dir='ltr'>atque</span> <span class='ocrx_word' id='word_1_218' title='bbox 1333 1191 1537 1236; x_wconf 84' lang='lat' dir='ltr'>uectigalia</span> 
     </span>
     <span class='ocr_line' id='line_1_25' title="bbox 186 1238 1537 1283; baseline 0 -10"><span class='ocrx_word' id='word_1_219' title='bbox 186 1239 411 1282; x_wconf 80' lang='lat' dir='ltr'>persoluant</span> <span class='ocrx_word' id='word_1_220' title='bbox 439 1250 524 1273; x_wconf 86' lang='lat' dir='ltr'>nam</span> <span class='ocrx_word' id='word_1_221' title='bbox 540 1240 652 1283; x_wconf 80' lang='lat' dir='ltr'>paulo</span> <span class='ocrx_word' id='word_1_222' title='bbox 667 1239 821 1273; x_wconf 87' lang='lat' dir='ltr'>inferius</span> <span class='ocrx_word' id='word_1_223' title='bbox 837 1239 929 1272; x_wconf 86' lang='lat' dir='ltr'>dicit</span> <span class='ocrx_word' id='word_1_224' title='bbox 945 1238 1081 1273; x_wconf 79' lang='lat' dir='ltr'>‘eadem</span> <span class='ocrx_word' id='word_1_225' title='bbox 1098 1240 1239 1274; x_wconf 75' lang='lat' dir='ltr'>ratione</span> <span class='ocrx_word' id='word_1_226' title='bbox 1255 1243 1288 1273; x_wconf 79' lang='lat' dir='ltr'>et</span> <span class='ocrx_word' id='word_1_227' title='bbox 1302 1239 1537 1282; x_wconf 75' lang='lat' dir='ltr'>priuatorum</span> 
     </span>
     <span class='ocr_line' id='line_1_26' title="bbox 187 1285 1537 1331; baseline 0 -11"><span class='ocrx_word' id='word_1_228' title='bbox 187 1298 354 1331; x_wconf 60' lang='lat' dir='ltr'>agrorum</span> <span class='ocrx_word' id='word_1_229' title='bbox 389 1298 578 1321; x_wconf 71' lang='lat' dir='ltr'>mensurae</span> <span class='ocrx_word' id='word_1_230' title='bbox 607 1287 798 1331; x_wconf 60' lang='lat' dir='ltr'>amentur&#39;,</span> <span class='ocrx_word' id='word_1_231' title='bbox 830 1288 872 1320; x_wconf 85' lang='lat' dir='ltr'>ut</span> <span class='ocrx_word' id='word_1_232' title='bbox 904 1286 1069 1330; x_wconf 86' lang='lat' dir='ltr'>apertius</span> <span class='ocrx_word' id='word_1_233' title='bbox 1102 1286 1314 1320; x_wconf 87' lang='lat' dir='ltr'>ostenderet</span> <span class='ocrx_word' id='word_1_234' title='bbox 1344 1285 1537 1330; x_wconf 85' lang='lat' dir='ltr'>publicum</span> 
     </span>
     <span class='ocr_line' id='line_1_27' title="bbox 187 1333 1594 1378; baseline 0 -11"><span class='ocrx_word' id='word_1_235' title='bbox 187 1345 269 1367; x_wconf 87' lang='lat' dir='ltr'>cum</span> <span class='ocrx_word' id='word_1_236' title='bbox 295 1335 444 1378; x_wconf 80' lang='lat' dir='ltr'>priuato</span> <span class='ocrx_word' id='word_1_237' title='bbox 465 1345 544 1368; x_wconf 79' lang='lat' dir='ltr'>esse</span> <span class='ocrx_word' id='word_1_238' title='bbox 566 1336 785 1371; x_wconf 80' lang='lat' dir='ltr'>consortem.</span> <span class='ocrx_word' id='word_1_239' title='bbox 812 1334 901 1377; x_wconf 87' lang='lat' dir='ltr'>quia</span> <span class='ocrx_word' id='word_1_240' title='bbox 922 1334 1009 1367; x_wconf 91' lang='lat' dir='ltr'>dum</span> <span class='ocrx_word' id='word_1_241' title='bbox 1029 1333 1198 1377; x_wconf 84' lang='lat' dir='ltr'>priuatus</span> <span class='ocrx_word' id='word_1_242' title='bbox 1222 1333 1370 1367; x_wconf 84' lang='lat' dir='ltr'>laborat</span> <span class='ocrx_word' id='word_1_243' title='bbox 1394 1333 1432 1367; x_wconf 91' lang='lat' dir='ltr'>in</span> <span class='ocrx_word' id='word_1_244' title='bbox 1453 1344 1535 1376; x_wconf 83' lang='lat' dir='ltr'>pro-</span> <span class='ocrx_word' id='word_1_245' title='bbox 1561 1343 1594 1368; x_wconf 82' lang='lat'>25</span> 
     </span>
     <span class='ocr_line' id='line_1_28' title="bbox 185 1380 1533 1425; baseline -0.001 -10"><span class='ocrx_word' id='word_1_246' title='bbox 185 1381 278 1425; x_wconf 86' lang='lat' dir='ltr'>prio,</span> <span class='ocrx_word' id='word_1_247' title='bbox 291 1385 327 1415; x_wconf 89' lang='lat' dir='ltr'>et</span> <span class='ocrx_word' id='word_1_248' title='bbox 341 1382 522 1415; x_wconf 85' lang='lat' dir='ltr'>tributum</span> <span class='ocrx_word' id='word_1_249' title='bbox 538 1381 688 1425; x_wconf 61' lang='lat' dir='ltr'>public-0</span> <span class='ocrx_word' id='word_1_250' title='bbox 704 1384 739 1414; x_wconf 79' lang='lat' dir='ltr'>et</span> <span class='ocrx_word' id='word_1_251' title='bbox 753 1381 824 1414; x_wconf 64' lang='lat' dir='ltr'>sibi</span> <span class='ocrx_word' id='word_1_252' title='bbox 841 1381 1018 1415; x_wconf 82' lang='lat' dir='ltr'>alimonia</span> <span class='ocrx_word' id='word_1_253' title='bbox 1033 1391 1124 1415; x_wconf 82' lang='lat' dir='ltr'>arua</span> <span class='ocrx_word' id='word_1_254' title='bbox 1138 1380 1339 1415; x_wconf 81' lang='lat' dir='ltr'>excolendo</span> <span class='ocrx_word' id='word_1_255' title='bbox 1350 1383 1533 1424; x_wconf 82' lang='lat' dir='ltr'>procurat.</span> 
     </span>
    </p>
   </div>
   <div class='ocr_carea' id='block_1_4' title="bbox 185 1510 1538 2162">
    <p class='ocr_par' dir='ltr' id='par_1_4' title="bbox 185 1510 1538 2162">
     <span class='ocr_line' id='line_1_29' title="bbox 245 1510 1535 1555; baseline 0 -11"><span class='ocrx_word' id='word_1_256' title='bbox 245 1518 330 1544; x_wconf 73' lang='lat'>4—-5</span> <span class='ocrx_word' id='word_1_257' title='bbox 360 1511 521 1545; x_wconf 85' lang='lat' dir='ltr'>Frontin.</span> <span class='ocrx_word' id='word_1_258' title='bbox 542 1516 570 1550; x_wconf 85' lang='lat'>1</span> <span class='ocrx_word' id='word_1_259' title='bbox 589 1516 630 1544; x_wconf 82' lang='lat'>13</span> <span class='ocrx_word' id='word_1_260' title='bbox 713 1518 943 1555; x_wconf 69' lang='lat' dir='ltr'>1—14,qnae</span> <span class='ocrx_word' id='word_1_261' title='bbox 970 1511 1037 1545; x_wconf 79' lang='lat' dir='ltr'>La.</span> <span class='ocrx_word' id='word_1_262' title='bbox 1058 1513 1138 1552; x_wconf 83' lang='lat'>108,</span> <span class='ocrx_word' id='word_1_263' title='bbox 1153 1513 1272 1544; x_wconf 86' lang='lat'><em>9—16</em></span> <span class='ocrx_word' id='word_1_264' title='bbox 1293 1510 1446 1555; x_wconf 64' lang='lat' dir='ltr'>Hyyiozo</span> <span class='ocrx_word' id='word_1_265' title='bbox 1471 1511 1535 1544; x_wconf 74' lang='lat' dir='ltr'>tri-</span> 
     </span>
     <span class='ocr_line' id='line_1_30' title="bbox 187 1557 1538 1603; baseline -0.002 -9"><span class='ocrx_word' id='word_1_266' title='bbox 187 1560 281 1601; x_wconf 66' lang='lat' dir='ltr'>bem,</span> <span class='ocrx_word' id='word_1_267' title='bbox 317 1563 571 1594; x_wconf 75' lang='lat' dir='ltr'>commentator</span> <span class='ocrx_word' id='word_1_268' title='bbox 602 1570 645 1592; x_wconf 67' lang='lat' dir='ltr'>ea</span> <span class='ocrx_word' id='word_1_269' title='bbox 681 1559 772 1593; x_wconf 73' lang='lat' dir='ltr'>libro</span> <span class='ocrx_word' id='word_1_270' title='bbox 805 1559 951 1603; x_wconf 69' lang='lat' dir='ltr'>Hyyzm</span> <span class='ocrx_word' id='word_1_271' title='bbox 985 1557 1188 1592; x_wconf 78' lang='lat' dir='ltr'>Gromatici</span> <span class='ocrx_word' id='word_1_272' title='bbox 1220 1558 1300 1601; x_wconf 71' lang='lat' dir='ltr'>(qni</span> <span class='ocrx_word' id='word_1_273' title='bbox 1334 1559 1375 1591; x_wconf 74' lang='lat' dir='ltr'>in</span> <span class='ocrx_word' id='word_1_274' title='bbox 1406 1558 1481 1592; x_wconf 79' lang='lat' dir='ltr'>cod.</span> <span class='ocrx_word' id='word_1_275' title='bbox 1502 1559 1538 1592; x_wconf 91' lang='lat' dir='ltr'><em>P</em></span> 
     </span>
     <span class='ocr_line' id='line_1_31' title="bbox 185 1586 1535 1658; baseline -0.001 -19"><span class='ocrx_word' id='word_1_276' title='bbox 185 1586 377 1652; x_wconf 56' lang='lat' dir='ltr'>Hyy&#39;enus,</span> <span class='ocrx_word' id='word_1_277' title='bbox 396 1617 471 1641; x_wconf 70' lang='lat' dir='ltr'>non</span> <span class='ocrx_word' id='word_1_278' title='bbox 488 1606 675 1651; x_wconf 71' lang='lat' dir='ltr'>Hyyinus,</span> <span class='ocrx_word' id='word_1_279' title='bbox 695 1609 864 1643; x_wconf 75' lang='lat' dir='ltr'>uocatur)</span> <span class='ocrx_word' id='word_1_280' title='bbox 887 1606 1058 1647; x_wconf 71' lang='lat' dir='ltr'>eoetraoeit,</span> <span class='ocrx_word' id='word_1_281' title='bbox 1084 1606 1146 1640; x_wconf 65' lang='lat' dir='ltr'>ubi</span> <span class='ocrx_word' id='word_1_282' title='bbox 1167 1605 1334 1658; x_wconf 57' lang='lat' dir='ltr'>legimus:</span> <span class='ocrx_word' id='word_1_283' title='bbox 1353 1604 1416 1638; x_wconf 80' lang='lat' dir='ltr'>La.</span> <span class='ocrx_word' id='word_1_284' title='bbox 1429 1608 1506 1647; x_wconf 85' lang='lat'>167,</span> <span class='ocrx_word' id='word_1_285' title='bbox 1514 1609 1535 1638; x_wconf 84' lang='lat'>4</span> 
     </span>
     <span class='ocr_line' id='line_1_32' title="bbox 185 1645 1535 1698; baseline -0.001 -12"><span class='ocrx_word' id='word_1_286' title='bbox 185 1665 347 1698; x_wconf 80' lang='lat' dir='ltr'>pnmum</span> <span class='ocrx_word' id='word_1_287' title='bbox 379 1653 470 1687; x_wconf 86' lang='lat' dir='ltr'>duos</span> <span class='ocrx_word' id='word_1_288' title='bbox 503 1653 641 1687; x_wconf 86' lang='lat' dir='ltr'>limites</span> <span class='ocrx_word' id='word_1_289' title='bbox 675 1645 963 1694; x_wconf 31' lang='lat' dir='ltr'>constitueiQunt</span> <span class='ocrx_word' id='word_1_290' title='bbox 999 1664 1112 1686; x_wconf 85' lang='lat' dir='ltr'>unum</span> <span class='ocrx_word' id='word_1_291' title='bbox 1148 1652 1211 1695; x_wconf 87' lang='lat' dir='ltr'>qui</span> <span class='ocrx_word' id='word_1_292' title='bbox 1245 1651 1291 1685; x_wconf 84' lang='lat' dir='ltr'>ab</span> <span class='ocrx_word' id='word_1_293' title='bbox 1324 1651 1464 1686; x_wconf 86' lang='lat' dir='ltr'>oriente</span> <span class='ocrx_word' id='word_1_294' title='bbox 1496 1652 1535 1686; x_wconf 91' lang='lat' dir='ltr'>in</span> 
     </span>
     <span class='ocr_line' id='line_1_33' title="bbox 186 1699 1534 1745; baseline -0.001 -11"><span class='ocrx_word' id='word_1_295' title='bbox 186 1700 418 1735; x_wconf 86' lang='lat' dir='ltr'>occidentem</span> <span class='ocrx_word' id='word_1_296' title='bbox 451 1700 638 1745; x_wconf 86' lang='lat' dir='ltr'>dirigeret.</span> <span class='ocrx_word' id='word_1_297' title='bbox 682 1699 780 1734; x_wconf 89' lang='lat' dir='ltr'>hunc</span> <span class='ocrx_word' id='word_1_298' title='bbox 814 1699 1099 1744; x_wconf 87' lang='lat' dir='ltr'>appellauerunt</span> <span class='ocrx_word' id='word_1_299' title='bbox 1130 1699 1394 1733; x_wconf 88' lang='lat' dir='ltr'>duocimanum</span> <span class='ocrx_word' id='word_1_300' title='bbox 1420 1720 1460 1724; x_wconf 93' lang='lat'><em>—</em></span> <span class='ocrx_word' id='word_1_301' title='bbox 1491 1720 1534 1724; x_wconf 85' lang='lat'>——</span> 
     </span>
     <span class='ocr_line' id='line_1_34' title="bbox 186 1746 1535 1791; baseline -0.001 -10"><span class='ocrx_word' id='word_1_302' title='bbox 186 1751 206 1781; x_wconf 81' lang='lat'>8</span> <span class='ocrx_word' id='word_1_303' title='bbox 234 1748 391 1782; x_wconf 84' lang='lat' dir='ltr'>alterum</span> <span class='ocrx_word' id='word_1_304' title='bbox 413 1759 434 1781; x_wconf 88' lang='lat' dir='ltr'>a</span> <span class='ocrx_word' id='word_1_305' title='bbox 454 1748 659 1782; x_wconf 82' lang='lat' dir='ltr'>meridiano</span> <span class='ocrx_word' id='word_1_306' title='bbox 681 1747 728 1781; x_wconf 91' lang='lat' dir='ltr'>ad</span> <span class='ocrx_word' id='word_1_307' title='bbox 750 1747 1053 1791; x_wconf 83' lang='lat' dir='ltr'>septentrionem,</span> <span class='ocrx_word' id='word_1_308' title='bbox 1079 1757 1189 1790; x_wconf 89' lang='lat' dir='ltr'>quem</span> <span class='ocrx_word' id='word_1_309' title='bbox 1209 1746 1397 1780; x_wconf 87' lang='lat' dir='ltr'>cardinem</span> <span class='ocrx_word' id='word_1_310' title='bbox 1417 1747 1535 1780; x_wconf 89' lang='lat' dir='ltr'>nomi-</span> 
     </span>
     <span class='ocr_line' id='line_1_35' title="bbox 185 1793 1534 1839; baseline -0.001 -10"><span class='ocrx_word' id='word_1_311' title='bbox 185 1797 369 1829; x_wconf 85' lang='lat' dir='ltr'>nauerunt</span> <span class='ocrx_word' id='word_1_312' title='bbox 396 1816 438 1820; x_wconf 83' lang='lat'>—</span> <span class='ocrx_word' id='word_1_313' title='bbox 468 1816 510 1820; x_wconf 78' lang='lat'>—</span> <span class='ocrx_word' id='word_1_314' title='bbox 546 1799 588 1829; x_wconf 89' lang='grc'>10</span> <span class='ocrx_word' id='word_1_315' title='bbox 615 1794 877 1829; x_wconf 87' lang='lat' dir='ltr'>duocimanum</span> <span class='ocrx_word' id='word_1_316' title='bbox 902 1797 1034 1839; x_wconf 88' lang='lat' dir='ltr'>postea</span> <span class='ocrx_word' id='word_1_317' title='bbox 1060 1794 1294 1828; x_wconf 86' lang='lat' dir='ltr'>decimanum</span> <span class='ocrx_word' id='word_1_318' title='bbox 1320 1793 1534 1838; x_wconf 86' lang='lat' dir='ltr'>appellaue-</span> 
     </span>
     <span class='ocr_line' id='line_1_36' title="bbox 185 1841 1534 1886; baseline -0.001 -10"><span class='ocrx_word' id='word_1_319' title='bbox 185 1844 281 1877; x_wconf 85' lang='lat' dir='ltr'>runt.</span> <span class='ocrx_word' id='word_1_320' title='bbox 329 1846 407 1884; x_wconf 82' lang='lat'>170,</span> <span class='ocrx_word' id='word_1_321' title='bbox 424 1846 465 1876; x_wconf 84' lang='lat'>14</span> <span class='ocrx_word' id='word_1_322' title='bbox 494 1842 647 1886; x_wconf 87' lang='lat' dir='ltr'>quidam</span> <span class='ocrx_word' id='word_1_323' title='bbox 672 1842 710 1876; x_wconf 90' lang='lat' dir='ltr'>in</span> <span class='ocrx_word' id='word_1_324' title='bbox 736 1843 854 1876; x_wconf 83' lang='lat' dir='ltr'>totum</span> <span class='ocrx_word' id='word_1_325' title='bbox 883 1843 1145 1876; x_wconf 87' lang='lat' dir='ltr'>conuerterunt</span> <span class='ocrx_word' id='word_1_326' title='bbox 1170 1843 1206 1875; x_wconf 89' lang='lat' dir='ltr'>et</span> <span class='ocrx_word' id='word_1_327' title='bbox 1237 1841 1404 1875; x_wconf 86' lang='lat' dir='ltr'>fecerunt</span> <span class='ocrx_word' id='word_1_328' title='bbox 1436 1841 1534 1875; x_wconf 89' lang='lat' dir='ltr'>deci-</span> 
     </span>
     <span class='ocr_line' id='line_1_37' title="bbox 185 1888 1533 1929; baseline -0.001 -6"><span class='ocrx_word' id='word_1_329' title='bbox 185 1901 335 1924; x_wconf 89' lang='lat' dir='ltr'>manum</span> <span class='ocrx_word' id='word_1_330' title='bbox 361 1890 399 1923; x_wconf 92' lang='lat' dir='ltr'>in</span> <span class='ocrx_word' id='word_1_331' title='bbox 426 1890 681 1924; x_wconf 85' lang='lat' dir='ltr'>meridianum·</span> <span class='ocrx_word' id='word_1_332' title='bbox 699 1891 737 1923; x_wconf 89' lang='lat' dir='ltr'>et</span> <span class='ocrx_word' id='word_1_333' title='bbox 762 1889 951 1923; x_wconf 83' lang='lat' dir='ltr'>cardinem</span> <span class='ocrx_word' id='word_1_334' title='bbox 983 1890 1021 1922; x_wconf 90' lang='lat' dir='ltr'>in</span> <span class='ocrx_word' id='word_1_335' title='bbox 1046 1889 1226 1923; x_wconf 83' lang='lat' dir='ltr'>orientem</span> <span class='ocrx_word' id='word_1_336' title='bbox 1286 1891 1362 1929; x_wconf 78' lang='lat'>170,</span> <span class='ocrx_word' id='word_1_337' title='bbox 1379 1892 1398 1922; x_wconf 91' lang='grc'><strong>3</strong></span> <span class='ocrx_word' id='word_1_338' title='bbox 1424 1888 1533 1922; x_wconf 87' lang='lat' dir='ltr'>multi</span> 
     </span>
     <span class='ocr_line' id='line_1_38' title="bbox 185 1936 1533 1981; baseline -0.001 -11"><span class='ocrx_word' id='word_1_339' title='bbox 185 1938 401 1981; x_wconf 83' lang='lat' dir='ltr'>ignorantes</span> <span class='ocrx_word' id='word_1_340' title='bbox 434 1937 561 1971; x_wconf 89' lang='lat' dir='ltr'>mundi</span> <span class='ocrx_word' id='word_1_341' title='bbox 595 1937 778 1971; x_wconf 82' lang='lat' dir='ltr'>rationem</span> <span class='ocrx_word' id='word_1_342' title='bbox 810 1936 922 1971; x_wconf 87' lang='lat' dir='ltr'>solem</span> <span class='ocrx_word' id='word_1_343' title='bbox 953 1937 1039 1970; x_wconf 84' lang='lat' dir='ltr'>sunt</span> <span class='ocrx_word' id='word_1_344' title='bbox 1070 1936 1204 1978; x_wconf 88' lang='lat' dir='ltr'>secuti,</span> <span class='ocrx_word' id='word_1_345' title='bbox 1236 1936 1305 1970; x_wconf 88' lang='lat' dir='ltr'>hoc</span> <span class='ocrx_word' id='word_1_346' title='bbox 1331 1937 1387 1969; x_wconf 88' lang='lat' dir='ltr'>est</span> <span class='ocrx_word' id='word_1_347' title='bbox 1413 1937 1533 1970; x_wconf 85' lang='lat' dir='ltr'>ortum</span> 
     </span>
     <span class='ocr_line' id='line_1_39' title="bbox 186 1983 1533 2029; baseline -0.001 -11"><span class='ocrx_word' id='word_1_348' title='bbox 186 1987 223 2018; x_wconf 87' lang='lat' dir='ltr'>et</span> <span class='ocrx_word' id='word_1_349' title='bbox 243 1995 422 2018; x_wconf 86' lang='lat' dir='ltr'>occasum.</span> <span class='ocrx_word' id='word_1_350' title='bbox 462 1988 592 2026; x_wconf 80' lang='grc' dir='ltr'>182,Ιό</span> <span class='ocrx_word' id='word_1_351' title='bbox 622 1985 714 2029; x_wconf 89' lang='lat' dir='ltr'>(hos)</span> <span class='ocrx_word' id='word_1_352' title='bbox 734 1984 870 2018; x_wconf 87' lang='lat' dir='ltr'>fefellit</span> <span class='ocrx_word' id='word_1_353' title='bbox 888 1984 1017 2017; x_wconf 87' lang='lat' dir='ltr'>mundi</span> <span class='ocrx_word' id='word_1_354' title='bbox 1038 1983 1267 2028; x_wconf 83' lang='lat' dir='ltr'>magnitudo.</span> <span class='ocrx_word' id='word_1_355' title='bbox 1306 1986 1415 2025; x_wconf 78' lang='lat'>180‚4</span> <span class='ocrx_word' id='word_1_356' title='bbox 1440 1983 1533 2017; x_wconf 88' lang='lat' dir='ltr'>haec</span> 
     </span>
     <span class='ocr_line' id='line_1_40' title="bbox 185 2030 1534 2074; baseline 0 -9"><span class='ocrx_word' id='word_1_357' title='bbox 185 2033 242 2066; x_wconf 86' lang='lat' dir='ltr'>est</span> <span class='ocrx_word' id='word_1_358' title='bbox 259 2032 601 2066; x_wconf 85' lang='lat' dir='ltr'>constituendorum</span> <span class='ocrx_word' id='word_1_359' title='bbox 618 2032 780 2065; x_wconf 89' lang='lat' dir='ltr'>limitum</span> <span class='ocrx_word' id='word_1_360' title='bbox 797 2031 892 2065; x_wconf 84' lang='lat' dir='ltr'>ratio</span> <span class='ocrx_word' id='word_1_361' title='bbox 910 2030 1160 2074; x_wconf 80' lang='lat' dir='ltr'>pulcherrima</span> <span class='ocrx_word' id='word_1_362' title='bbox 1176 2051 1218 2055; x_wconf 84' lang='lat'><em>-</em></span> <span class='ocrx_word' id='word_1_363' title='bbox 1232 2051 1285 2063; x_wconf 79' lang='lat'>-.</span> <span class='ocrx_word' id='word_1_364' title='bbox 1319 2031 1368 2064; x_wconf 78' lang='lat' dir='ltr'>ad</span> <span class='ocrx_word' id='word_1_365' title='bbox 1384 2031 1534 2065; x_wconf 76' lang='lat' dir='ltr'>uerbum</span> 
     </span>
     <span class='ocr_line' id='line_1_41' title="bbox 185 2078 1436 2122; baseline -0.001 -10"><span class='ocrx_word' id='word_1_366' title='bbox 185 2081 327 2113; x_wconf 81' lang='lat' dir='ltr'>crescat</span> <span class='ocrx_word' id='word_1_367' title='bbox 363 2091 389 2113; x_wconf 64' lang='grc' dir='ltr'>υ.</span> <span class='ocrx_word' id='word_1_368' title='bbox 413 2082 456 2113; x_wconf 66' lang='grc'>14</span> <span class='ocrx_word' id='word_1_369' title='bbox 489 2081 533 2121; x_wconf 76' lang='lat' dir='ltr'>cf.</span> <span class='ocrx_word' id='word_1_370' title='bbox 560 2091 672 2122; x_wconf 72' lang='lat' dir='ltr'>supra</span> <span class='ocrx_word' id='word_1_371' title='bbox 700 2083 756 2121; x_wconf 82' lang='lat'>53,</span> <span class='ocrx_word' id='word_1_372' title='bbox 771 2082 814 2112; x_wconf 77' lang='lat'>‘23</span> <span class='ocrx_word' id='word_1_373' title='bbox 921 2085 1042 2111; x_wconf 79' lang='lat'>15—16</span> <span class='ocrx_word' id='word_1_374' title='bbox 1069 2078 1231 2111; x_wconf 84' lang='lat' dir='ltr'>Frontin.</span> <span class='ocrx_word' id='word_1_375' title='bbox 1254 2082 1283 2119; x_wconf 88' lang='grc'>1,</span> <span class='ocrx_word' id='word_1_376' title='bbox 1302 2082 1436 2111; x_wconf 78' lang='lat'>14—16</span> 
     </span>
     <span class='ocr_line' id='line_1_42' title="bbox 185 2126 661 2162; baseline 0 -3"><span class='ocrx_word' id='word_1_377' title='bbox 185 2133 309 2159; x_wconf 74' lang='lat'>23—-24</span> <span class='ocrx_word' id='word_1_378' title='bbox 337 2126 500 2160; x_wconf 81' lang='lat' dir='ltr'>Frontin.</span> <span class='ocrx_word' id='word_1_379' title='bbox 524 2131 553 2162; x_wconf 70' lang='grc'>2.</span> <span class='ocrx_word' id='word_1_380' title='bbox 571 2131 661 2159; x_wconf 74' lang='grc'>3-4</span> 
     </span>
    </p>
   </div>
   <div class='ocr_carea' id='block_1_5' title="bbox 185 2242 1531 2382">
    <p class='ocr_par' dir='ltr' id='par_1_5' title="bbox 185 2242 1531 2382">
     <span class='ocr_line' id='line_1_43' title="bbox 244 2242 1531 2286; baseline 0.001 -9"><span class='ocrx_word' id='word_1_381' title='bbox 244 2251 280 2278; x_wconf 88' lang='grc'>10</span> <span class='ocrx_word' id='word_1_382' title='bbox 306 2246 471 2278; x_wconf 84' lang='lat' dir='ltr'>asserent</span> <span class='ocrx_word' id='word_1_383' title='bbox 492 2249 556 2286; x_wconf 81' lang='lat' dir='ltr'>Gp,</span> <span class='ocrx_word' id='word_1_384' title='bbox 584 2246 754 2278; x_wconf 85' lang='lat' dir='ltr'>asserunt</span> <span class='ocrx_word' id='word_1_385' title='bbox 775 2244 876 2279; x_wconf 49' lang='lat' dir='ltr'>offla</span> <span class='ocrx_word' id='word_1_386' title='bbox 940 2250 972 2275; x_wconf 86' lang='lat' dir='ltr'>ll</span> <span class='ocrx_word' id='word_1_387' title='bbox 1001 2242 1092 2277; x_wconf 82' lang='lat' dir='ltr'>alibi</span> <span class='ocrx_word' id='word_1_388' title='bbox 1115 2243 1212 2283; x_wconf 53' lang='grc' dir='ltr'>ΕΒΑ,</span> <span class='ocrx_word' id='word_1_389' title='bbox 1241 2242 1306 2276; x_wconf 85' lang='lat' dir='ltr'>alii</span> <span class='ocrx_word' id='word_1_390' title='bbox 1325 2255 1345 2284; x_wconf 87' lang='lat' dir='ltr'>p</span> <span class='ocrx_word' id='word_1_391' title='bbox 1409 2250 1443 2276; x_wconf 83' lang='lat'>13</span> <span class='ocrx_word' id='word_1_392' title='bbox 1469 2243 1531 2277; x_wconf 83' lang='lat' dir='ltr'>de-</span> 
     </span>
     <span class='ocr_line' id='line_1_44' title="bbox 185 2291 1530 2336; baseline -0.001 -11"><span class='ocrx_word' id='word_1_393' title='bbox 185 2296 362 2325; x_wconf 80' lang='lat' dir='ltr'>cumanus</span> <span class='ocrx_word' id='word_1_394' title='bbox 389 2295 416 2324; x_wconf 86' lang='lat' dir='ltr'>G</span> <span class='ocrx_word' id='word_1_395' title='bbox 512 2299 547 2324; x_wconf 69' lang='grc'>17</span> <span class='ocrx_word' id='word_1_396' title='bbox 576 2303 664 2336; x_wconf 78' lang='lat' dir='ltr'>ager</span> <span class='ocrx_word' id='word_1_397' title='bbox 689 2292 771 2333; x_wconf 60' lang='lat' dir='ltr'>psat.</span> <span class='ocrx_word' id='word_1_398' title='bbox 796 2293 853 2335; x_wconf 86' lang='lat'>(=</span> <span class='ocrx_word' id='word_1_399' title='bbox 875 2293 925 2335; x_wconf 55' lang='lat' dir='ltr'>P),</span> <span class='ocrx_word' id='word_1_400' title='bbox 952 2292 1008 2324; x_wconf 79' lang='lat' dir='ltr'>est</span> <span class='ocrx_word' id='word_1_401' title='bbox 1033 2301 1120 2335; x_wconf 83' lang='lat' dir='ltr'>ager</span> <span class='ocrx_word' id='word_1_402' title='bbox 1147 2291 1277 2332; x_wconf 85' lang='lat' dir='ltr'>GLa.;</span> <span class='ocrx_word' id='word_1_403' title='bbox 1299 2295 1383 2335; x_wconf 77' lang='lat' dir='ltr'>post</span> <span class='ocrx_word' id='word_1_404' title='bbox 1409 2300 1530 2324; x_wconf 76' lang='lat' dir='ltr'>succe—</span> 
     </span>
     <span class='ocr_line' id='line_1_45' title="bbox 185 2339 718 2382; baseline 0.002 -10"><span class='ocrx_word' id='word_1_405' title='bbox 185 2339 287 2372; x_wconf 86' lang='lat' dir='ltr'>denti</span> <span class='ocrx_word' id='word_1_406' title='bbox 315 2340 351 2372; x_wconf 69' lang='lat' dir='ltr'>in</span> <span class='ocrx_word' id='word_1_407' title='bbox 382 2350 409 2372; x_wconf 72' lang='lat' dir='ltr'>v.</span> <span class='ocrx_word' id='word_1_408' title='bbox 434 2342 477 2373; x_wconf 72' lang='lat'>18</span> <span class='ocrx_word' id='word_1_409' title='bbox 505 2340 718 2382; x_wconf 61' lang='lat' dir='ltr'>iuteo-punxi</span> 
     </span>
    </p>
   </div>
   <div class='ocr_carea' id='block_1_6' title="bbox 1641 1663 1669 2545">
    <p class='ocr_par' dir='ltr' id='par_1_6' title="bbox 1641 1663 1669 2545">
     <span class='ocr_line' id='line_1_46' title="bbox 1641 1663 1669 2545; baseline 0 0"><span class='ocrx_word' id='word_1_410' title='bbox 1641 1663 1669 2545; x_wconf 95' lang='lat' dir='ltr'> </span> 
     </span>
    </p>
   </div>
  </div>
 </body>
</html>
