<?xml version="1.0" encoding="UTF-8"?>
<!DOCTYPE html PUBLIC "-//W3C//DTD XHTML 1.0 Transitional//EN"
    "http://www.w3.org/TR/xhtml1/DTD/xhtml1-transitional.dtd">
<html xmlns="http://www.w3.org/1999/xhtml" xml:lang="en" lang="en">
 <head>
  <title>
</title>
<meta http-equiv="Content-Type" content="text/html;charset=utf-8" />
  <meta name='ocr-system' content='tesseract 3.04.00' />
  <meta name='ocr-capabilities' content='ocr_page ocr_carea ocr_par ocr_line ocrx_word'/>
</head>
<body>
  <div class='ocr_page' id='page_1' title='image "./corpusagrimensor01thuluoft_0170.png"; bbox 0 0 1669 2545; ppageno 0'>
   <div class='ocr_carea' id='block_1_1' title="bbox 211 92 1559 139">
    <p class='ocr_par' dir='ltr' id='par_1_1' title="bbox 211 92 1559 139">
     <span class='ocr_line' id='line_1_1' title="bbox 211 92 1559 139; baseline -0.004 -4"><span class='ocrx_word' id='word_1_1' title='bbox 211 94 294 134; x_wconf 79' lang='lat'>160</span> <span class='ocrx_word' id='word_1_2' title='bbox 369 93 473 127; x_wconf 89' lang='lat' dir='ltr'>ABP</span> <span class='ocrx_word' id='word_1_3' title='bbox 649 92 823 127; x_wconf 82' lang='lat' dir='ltr'>HYGINI</span> <span class='ocrx_word' id='word_1_4' title='bbox 849 92 1115 128; x_wconf 81' lang='lat' dir='ltr'><strong>GROMATICI</strong></span> <span class='ocrx_word' id='word_1_5' title='bbox 1177 93 1559 139; x_wconf 80' lang='lat' dir='ltr'>La.196‚19—197,2o</span> 
     </span>
    </p>
   </div>
   <div class='ocr_carea' id='block_1_2' title="bbox 206 202 1560 434">
    <p class='ocr_par' dir='ltr' id='par_1_2' title="bbox 206 202 1560 434">
     <span class='ocr_line' id='line_1_2' title="bbox 206 202 1560 256; baseline 0.001 -14"><span class='ocrx_word' id='word_1_6' title='bbox 206 208 349 243; x_wconf 80' lang='lat' dir='ltr'>BLICA</span> <span class='ocrx_word' id='word_1_7' title='bbox 376 203 464 242; x_wconf 87' lang='lat' dir='ltr'>siue</span> <span class='ocrx_word' id='word_1_8' title='bbox 491 204 732 255; x_wconf 88' lang='lat' dir='ltr'>utrumque.</span> <span class='ocrx_word' id='word_1_9' title='bbox 772 204 979 255; x_wconf 80' lang='lat' dir='ltr'>quatenus</span> <span class='ocrx_word' id='word_1_10' title='bbox 1008 202 1099 254; x_wconf 82' lang='lat' dir='ltr'>erit,</span> <span class='ocrx_word' id='word_1_11' title='bbox 1126 202 1402 256; x_wconf 75' lang='lat' dir='ltr'>inscriptione</span> <span class='ocrx_word' id='word_1_12' title='bbox 1427 203 1560 256; x_wconf 89' lang='lat' dir='ltr'>reple·</span> 
     </span>
     <span class='ocr_line' id='line_1_3' title="bbox 206 260 1558 315; baseline 0.001 -13"><span class='ocrx_word' id='word_1_13' title='bbox 206 262 360 315; x_wconf 82' lang='lat' dir='ltr'>bimus⁷</span> <span class='ocrx_word' id='word_1_14' title='bbox 386 264 434 301; x_wconf 89' lang='lat' dir='ltr'>ut</span> <span class='ocrx_word' id='word_1_15' title='bbox 461 263 503 301; x_wconf 89' lang='lat' dir='ltr'>et</span> <span class='ocrx_word' id='word_1_16' title='bbox 526 261 569 301; x_wconf 89' lang='lat' dir='ltr'>in</span> <span class='ocrx_word' id='word_1_17' title='bbox 595 260 733 301; x_wconf 83' lang='lat' dir='ltr'>forma</span> <span class='ocrx_word' id='word_1_18' title='bbox 758 261 842 301; x_wconf 89' lang='lat' dir='ltr'>loci</span> <span class='ocrx_word' id='word_1_19' title='bbox 868 261 1139 302; x_wconf 86' lang='lat' dir='ltr'>latitudinem</span> <span class='ocrx_word' id='word_1_20' title='bbox 1160 261 1294 302; x_wconf 85' lang='lat' dir='ltr'>rarior</span> <span class='ocrx_word' id='word_1_21' title='bbox 1319 262 1558 303; x_wconf 88' lang='lat' dir='ltr'>litterarum</span> 
     </span>
     <span class='ocr_line' id='line_1_4' title="bbox 208 319 1560 375; baseline 0 -13"><span class='ocrx_word' id='word_1_22' title='bbox 208 320 431 374; x_wconf 73' lang='lat' dir='ltr'>dispositio</span> <span class='ocrx_word' id='word_1_23' title='bbox 454 320 726 360; x_wconf 72' lang='lat' dir='ltr'>demonstret.</span> <span class='ocrx_word' id='word_1_24' title='bbox 760 319 909 360; x_wconf 85' lang='lat' dir='ltr'>harum</span> <span class='ocrx_word' id='word_1_25' title='bbox 931 320 1134 361; x_wconf 87' lang='lat' dir='ltr'>siluarum</span> <span class='ocrx_word' id='word_1_26' title='bbox 1151 320 1463 361; x_wconf 78' lang='lat' dir='ltr'>extremitatem</span> <span class='ocrx_word' id='word_1_27' title='bbox 1484 335 1560 375; x_wconf 85' lang='lat' dir='ltr'>per</span> 
     </span>
     <span class='ocr_line' id='line_1_5' title="bbox 207 378 1191 434; baseline -0.001 -14"><span class='ocrx_word' id='word_1_28' title='bbox 207 394 354 420; x_wconf 86' lang='lat' dir='ltr'>omnes</span> <span class='ocrx_word' id='word_1_29' title='bbox 381 380 561 434; x_wconf 81' lang='lat' dir='ltr'>angulos</span> <span class='ocrx_word' id='word_1_30' title='bbox 587 379 924 420; x_wconf 80' lang='lat' dir='ltr'>terminabimus.</span> <span class='ocrx_word' id='word_1_31' title='bbox 963 378 1051 433; x_wconf 80' lang='lat' dir='ltr'>(fig.</span> <span class='ocrx_word' id='word_1_32' title='bbox 1077 378 1191 434; x_wconf 88' lang='grc'>122.)</span> 
     </span>
    </p>
   </div>
   <div class='ocr_carea' id='block_1_3' title="bbox 64 437 1559 492">
    <p class='ocr_par' dir='ltr' id='par_1_3' title="bbox 64 437 1559 492">
     <span class='ocr_line' id='line_1_6' title="bbox 64 437 1559 492; baseline 0.001 -14"><span class='ocrx_word' id='word_1_33' title='bbox 64 445 95 478; x_wconf 86' lang='lat' dir='ltr'>A</span> <span class='ocrx_word' id='word_1_34' title='bbox 108 454 158 479; x_wconf 67' lang='lat'>146</span> <span class='ocrx_word' id='word_1_35' title='bbox 185 444 276 479; x_wconf 73' lang='lat'>3264</span> <span class='ocrx_word' id='word_1_36' title='bbox 337 438 497 479; x_wconf 87' lang='lat' dir='ltr'>Eadem</span> <span class='ocrx_word' id='word_1_37' title='bbox 524 437 688 479; x_wconf 87' lang='lat' dir='ltr'>ratione</span> <span class='ocrx_word' id='word_1_38' title='bbox 716 438 1038 480; x_wconf 81' lang='lat' dir='ltr'>terminabimus</span> <span class='ocrx_word' id='word_1_39' title='bbox 1067 438 1221 479; x_wconf 84' lang='lat' dir='ltr'>fundos</span> <span class='ocrx_word' id='word_1_40' title='bbox 1248 440 1447 492; x_wconf 81' lang='lat' dir='ltr'>exceptos</span> <span class='ocrx_word' id='word_1_41' title='bbox 1469 439 1559 480; x_wconf 86' lang='lat' dir='ltr'>siue</span> 
     </span>
    </p>
   </div>
   <div class='ocr_carea' id='block_1_4' title="bbox 90 622 182 657">
    <p class='ocr_par' dir='ltr' id='par_1_4' title="bbox 90 622 182 657">
     <span class='ocr_line' id='line_1_7' title="bbox 90 622 182 657; baseline 0.011 -1"><span class='ocrx_word' id='word_1_42' title='bbox 90 622 118 656; x_wconf 92' lang='lat' dir='ltr'>P</span> <span class='ocrx_word' id='word_1_43' title='bbox 131 628 182 657; x_wconf 72' lang='lat' dir='ltr'>99v</span> 
     </span>
    </p>
   </div>
   <div class='ocr_carea' id='block_1_5' title="bbox 90 1025 182 1059">
    <p class='ocr_par' dir='ltr' id='par_1_5' title="bbox 90 1025 182 1059">
     <span class='ocr_line' id='line_1_8' title="bbox 90 1025 182 1059; baseline 0.011 -1"><span class='ocrx_word' id='word_1_44' title='bbox 90 1025 117 1058; x_wconf 86' lang='lat' dir='ltr'>B</span> <span class='ocrx_word' id='word_1_45' title='bbox 133 1034 182 1059; x_wconf 73' lang='lat'>265</span> 
     </span>
    </p>
   </div>
   <div class='ocr_carea' id='block_1_6' title="bbox 126 1380 183 1424">
    <p class='ocr_par' dir='ltr' id='par_1_6' title="bbox 126 1380 183 1424">
     <span class='ocr_line' id='line_1_9' title="bbox 126 1380 183 1424; baseline 0 0"><span class='ocrx_word' id='word_1_46' title='bbox 126 1380 183 1424; x_wconf 87' lang='lat' dir='ltr'>(A)</span> 
     </span>
    </p>
   </div>
   <div class='ocr_carea' id='block_1_7' title="bbox 208 496 1559 612">
    <p class='ocr_par' dir='ltr' id='par_1_7' title="bbox 208 496 1559 612">
     <span class='ocr_line' id='line_1_10' title="bbox 208 496 1559 551; baseline 0 -12"><span class='ocrx_word' id='word_1_47' title='bbox 208 512 440 550; x_wconf 75' lang='lat' dir='ltr'>concessos,</span> <span class='ocrx_word' id='word_1_48' title='bbox 468 500 509 538; x_wconf 90' lang='lat' dir='ltr'>et</span> <span class='ocrx_word' id='word_1_49' title='bbox 534 498 578 538; x_wconf 88' lang='lat' dir='ltr'>in</span> <span class='ocrx_word' id='word_1_50' title='bbox 604 498 741 538; x_wconf 85' lang='lat' dir='ltr'>forma</span> <span class='ocrx_word' id='word_1_51' title='bbox 769 497 878 538; x_wconf 89' lang='lat' dir='ltr'>sicut</span> <span class='ocrx_word' id='word_1_52' title='bbox 904 497 996 539; x_wconf 87' lang='lat' dir='ltr'>loca</span> <span class='ocrx_word' id='word_1_53' title='bbox 1018 498 1190 551; x_wconf 85' lang='lat' dir='ltr'>publica</span> <span class='ocrx_word' id='word_1_54' title='bbox 1210 496 1559 551; x_wconf 83' lang='lat' dir='ltr'>inscriptionibus</span> 
     </span>
     <span class='ocr_line' id='line_1_11' title="bbox 208 556 872 612; baseline -0.003 -14"><span class='ocrx_word' id='word_1_55' title='bbox 208 557 603 599; x_wconf 85' lang='lat' dir='ltr'>demonstrabimus.</span> <span class='ocrx_word' id='word_1_56' title='bbox 644 556 732 612; x_wconf 83' lang='lat' dir='ltr'>(fig.</span> <span class='ocrx_word' id='word_1_57' title='bbox 757 556 872 612; x_wconf 78' lang='grc'>123.)</span> 
     </span>
    </p>
   </div>
   <div class='ocr_carea' id='block_1_8' title="bbox 207 615 1558 715">
    <p class='ocr_par' dir='ltr' id='par_1_8' title="bbox 207 615 1558 715">
     <span class='ocr_line' id='line_1_12' title="bbox 270 615 1558 669; baseline -0.001 -12"><span class='ocrx_word' id='word_1_58' title='bbox 270 615 501 657; x_wconf 86' lang='lat' dir='ltr'>Concessos</span> <span class='ocrx_word' id='word_1_59' title='bbox 521 616 675 656; x_wconf 85' lang='lat' dir='ltr'>fundos</span> <span class='ocrx_word' id='word_1_60' title='bbox 697 630 829 669; x_wconf 85' lang='lat' dir='ltr'>aeque</span> <span class='ocrx_word' id='word_1_61' title='bbox 851 615 1047 656; x_wconf 86' lang='lat' dir='ltr'>similiter</span> <span class='ocrx_word' id='word_1_62' title='bbox 1067 615 1350 668; x_wconf 79' lang='lat' dir='ltr'>ostendemus,</span> <span class='ocrx_word' id='word_1_63' title='bbox 1375 617 1424 656; x_wconf 92' lang='lat' dir='ltr'>ut</span> <span class='ocrx_word' id='word_1_64' title='bbox 1444 621 1558 656; x_wconf 87' lang='lat' dir='ltr'><strong>FVN-</strong></span> 
     </span>
     <span class='ocr_line' id='line_1_13' title="bbox 207 671 1558 715; baseline -0.001 -8"><span class='ocrx_word' id='word_1_65' title='bbox 207 674 299 708; x_wconf 82' lang='lat' dir='ltr'>DVS</span> <span class='ocrx_word' id='word_1_66' title='bbox 339 673 541 708; x_wconf 77' lang='lat' dir='ltr'>SEIANVS</span> <span class='ocrx_word' id='word_1_67' title='bbox 580 672 849 707; x_wconf 83' lang='lat' dir='ltr'>CONCESSVS</span> <span class='ocrx_word' id='word_1_68' title='bbox 888 672 1027 707; x_wconf 86' lang='lat' dir='ltr'>LVCIO</span> <span class='ocrx_word' id='word_1_69' title='bbox 1070 672 1273 706; x_wconf 83' lang='lat' dir='ltr'><strong>MANILIO</strong></span> <span class='ocrx_word' id='word_1_70' title='bbox 1313 672 1386 707; x_wconf 81' lang='lat' dir='ltr'>SEI</span> <span class='ocrx_word' id='word_1_71' title='bbox 1423 671 1558 715; x_wconf 80' lang='lat' dir='ltr'>FILIQ.</span> 
     </span>
    </p>
   </div>
   <div class='ocr_carea' id='block_1_9' title="bbox 208 721 1561 1191">
    <p class='ocr_par' dir='ltr' id='par_1_9' title="bbox 208 721 1561 1191">
     <span class='ocr_line' id='line_1_14' title="bbox 208 721 1561 778; baseline -0.001 -14"><span class='ocrx_word' id='word_1_72' title='bbox 208 724 253 764; x_wconf 92' lang='lat' dir='ltr'>in</span> <span class='ocrx_word' id='word_1_73' title='bbox 284 723 654 778; x_wconf 85' lang='lat' dir='ltr'>adsignationibus</span> <span class='ocrx_word' id='word_1_74' title='bbox 687 722 799 763; x_wconf 87' lang='lat' dir='ltr'>enim</span> <span class='ocrx_word' id='word_1_75' title='bbox 835 722 923 763; x_wconf 88' lang='lat' dir='ltr'>diui</span> <span class='ocrx_word' id='word_1_76' title='bbox 954 721 1141 777; x_wconf 83' lang='lat' dir='ltr'>Augusti</span> <span class='ocrx_word' id='word_1_77' title='bbox 1182 722 1370 762; x_wconf 86' lang='lat' dir='ltr'>diuersas</span> <span class='ocrx_word' id='word_1_78' title='bbox 1401 721 1561 762; x_wconf 88' lang='lat' dir='ltr'>habent</span> 
     </span>
     <span class='ocr_line' id='line_1_15' title="bbox 208 780 1560 835; baseline -0.002 -12"><span class='ocrx_word' id='word_1_79' title='bbox 208 783 478 824; x_wconf 78' lang='lat' dir='ltr'>condiciones</span> <span class='ocrx_word' id='word_1_80' title='bbox 499 782 620 822; x_wconf 85' lang='lat' dir='ltr'>fundi</span> <span class='ocrx_word' id='word_1_81' title='bbox 641 781 805 835; x_wconf 80' lang='lat' dir='ltr'>excepti</span> <span class='ocrx_word' id='word_1_82' title='bbox 828 784 868 821; x_wconf 89' lang='lat' dir='ltr'>et</span> <span class='ocrx_word' id='word_1_83' title='bbox 889 782 1088 822; x_wconf 87' lang='lat' dir='ltr'>concessi.</span> <span class='ocrx_word' id='word_1_84' title='bbox 1127 781 1290 835; x_wconf 79' lang='lat' dir='ltr'>excepti</span> <span class='ocrx_word' id='word_1_85' title='bbox 1320 784 1419 822; x_wconf 88' lang='lat' dir='ltr'>sunt</span> <span class='ocrx_word' id='word_1_86' title='bbox 1438 780 1560 821; x_wconf 84' lang='lat' dir='ltr'>fundi</span> 
     </span>
     <span class='ocr_line' id='line_1_16' title="bbox 208 841 1560 894; baseline -0.001 -12"><span class='ocrx_word' id='word_1_87' title='bbox 208 842 314 882; x_wconf 87' lang='lat' dir='ltr'>bene</span> <span class='ocrx_word' id='word_1_88' title='bbox 346 842 618 894; x_wconf 69' lang='lat' dir='ltr'>meritorum,</span> <span class='ocrx_word' id='word_1_89' title='bbox 648 844 696 880; x_wconf 91' lang='lat' dir='ltr'>ut</span> <span class='ocrx_word' id='word_1_90' title='bbox 728 841 770 880; x_wconf 91' lang='lat' dir='ltr'>in</span> <span class='ocrx_word' id='word_1_91' title='bbox 803 843 944 880; x_wconf 87' lang='lat' dir='ltr'>totum</span> <span class='ocrx_word' id='word_1_92' title='bbox 976 841 1135 893; x_wconf 88' lang='lat' dir='ltr'>priuati</span> <span class='ocrx_word' id='word_1_93' title='bbox 1161 841 1266 881; x_wconf 90' lang='lat' dir='ltr'>iuris</span> <span class='ocrx_word' id='word_1_94' title='bbox 1293 842 1449 893; x_wconf 80' lang='lat' dir='ltr'>essent,</span> <span class='ocrx_word' id='word_1_95' title='bbox 1482 854 1560 881; x_wconf 88' lang='lat' dir='ltr'>nec</span> 
     </span>
     <span class='ocr_line' id='line_1_17' title="bbox 209 899 1559 952; baseline -0.001 -10"><span class='ocrx_word' id='word_1_96' title='bbox 209 901 338 942; x_wconf 84' lang='lat' dir='ltr'>uUam</span> <span class='ocrx_word' id='word_1_97' title='bbox 360 900 550 941; x_wconf 79' lang='lat' dir='ltr'>coloniae</span> <span class='ocrx_word' id='word_1_98' title='bbox 570 899 907 940; x_wconf 84' lang='lat' dir='ltr'>munificentiam</span> <span class='ocrx_word' id='word_1_99' title='bbox 928 899 1141 952; x_wconf 84' lang='lat' dir='ltr'>deberent,</span> <span class='ocrx_word' id='word_1_100' title='bbox 1167 902 1208 939; x_wconf 89' lang='lat' dir='ltr'>et</span> <span class='ocrx_word' id='word_1_101' title='bbox 1235 902 1375 940; x_wconf 87' lang='lat' dir='ltr'>essent</span> <span class='ocrx_word' id='word_1_102' title='bbox 1398 900 1442 939; x_wconf 89' lang='lat' dir='ltr'>in</span> <span class='ocrx_word' id='word_1_103' title='bbox 1469 899 1559 940; x_wconf 90' lang='lat' dir='ltr'>solo</span> 
     </span>
     <span class='ocr_line' id='line_1_18' title="bbox 208 957 1559 1014; baseline -0.001 -14"><span class='ocrx_word' id='word_1_104' title='bbox 208 960 357 1014; x_wconf 89' lang='lat' dir='ltr'>populi</span> <span class='ocrx_word' id='word_1_105' title='bbox 377 959 573 1000; x_wconf 85' lang='lat' dir='ltr'>Romani.</span> <span class='ocrx_word' id='word_1_106' title='bbox 610 958 799 1000; x_wconf 86' lang='lat' dir='ltr'>concessi</span> <span class='ocrx_word' id='word_1_107' title='bbox 826 961 926 998; x_wconf 91' lang='lat' dir='ltr'>sunt</span> <span class='ocrx_word' id='word_1_108' title='bbox 951 958 1071 998; x_wconf 87' lang='lat' dir='ltr'>fundi</span> <span class='ocrx_word' id='word_1_109' title='bbox 1099 959 1139 998; x_wconf 69' lang='lat' dir='ltr'>ei</span> <span class='ocrx_word' id='word_1_110' title='bbox 1166 957 1318 1010; x_wconf 87' lang='lat' dir='ltr'>quibus</span> <span class='ocrx_word' id='word_1_111' title='bbox 1346 957 1559 998; x_wconf 89' lang='lat' dir='ltr'>indultum</span> 
     </span>
     <span class='ocr_line' id='line_1_19' title="bbox 210 1016 1560 1073; baseline -0.003 -13"><span class='ocrx_word' id='word_1_112' title='bbox 210 1023 285 1073; x_wconf 77' lang='lat' dir='ltr'>est,</span> <span class='ocrx_word' id='word_1_113' title='bbox 312 1033 408 1059; x_wconf 90' lang='lat' dir='ltr'>cum</span> <span class='ocrx_word' id='word_1_114' title='bbox 437 1019 441 1072; x_wconf 99' lang='grc' dir='ltr'>Ι</span> <span class='ocrx_word' id='word_1_115' title='bbox 470 1017 684 1072; x_wconf 85' lang='lat' dir='ltr'>possidere</span> <span class='ocrx_word' id='word_1_116' title='bbox 711 1017 785 1058; x_wconf 87' lang='lat' dir='ltr'>uni</span> <span class='ocrx_word' id='word_1_117' title='bbox 813 1018 965 1070; x_wconf 90' lang='lat' dir='ltr'>cuique</span> <span class='ocrx_word' id='word_1_118' title='bbox 990 1016 1087 1071; x_wconf 86' lang='lat' dir='ltr'>plus</span> <span class='ocrx_word' id='word_1_119' title='bbox 1110 1031 1237 1070; x_wconf 81' lang='lat' dir='ltr'>quam</span> <span class='ocrx_word' id='word_1_120' title='bbox 1258 1016 1444 1057; x_wconf 89' lang='lat' dir='ltr'>edictum</span> <span class='ocrx_word' id='word_1_121' title='bbox 1465 1031 1560 1057; x_wconf 87' lang='lat' dir='ltr'>con-</span> 
     </span>
     <span class='ocr_line' id='line_1_20' title="bbox 209 1075 1561 1130; baseline -0.002 -12"><span class='ocrx_word' id='word_1_122' title='bbox 209 1078 373 1119; x_wconf 87' lang='lat' dir='ltr'>tinebat</span> <span class='ocrx_word' id='word_1_123' title='bbox 398 1092 484 1119; x_wconf 93' lang='lat' dir='ltr'>non</span> <span class='ocrx_word' id='word_1_124' title='bbox 510 1077 667 1118; x_wconf 89' lang='lat' dir='ltr'>liceret.</span> <span class='ocrx_word' id='word_1_125' title='bbox 708 1091 834 1130; x_wconf 90' lang='lat' dir='ltr'>quem</span> <span class='ocrx_word' id='word_1_126' title='bbox 861 1076 913 1117; x_wconf 85' lang='lat' dir='ltr'>ad</span> <span class='ocrx_word' id='word_1_127' title='bbox 938 1075 1109 1116; x_wconf 86' lang='lat' dir='ltr'>modum</span> <span class='ocrx_word' id='word_1_128' title='bbox 1137 1090 1238 1130; x_wconf 79' lang='lat' dir='ltr'>ergo</span> <span class='ocrx_word' id='word_1_129' title='bbox 1273 1090 1419 1116; x_wconf 88' lang='lat' dir='ltr'>eorum</span> <span class='ocrx_word' id='word_1_130' title='bbox 1447 1077 1561 1116; x_wconf 91' lang='lat' dir='ltr'>uete-</span> 
     </span>
     <span class='ocr_line' id='line_1_21' title="bbox 208 1134 1560 1191; baseline -0.003 -13"><span class='ocrx_word' id='word_1_131' title='bbox 208 1153 301 1178; x_wconf 90' lang='lat' dir='ltr'>rum</span> <span class='ocrx_word' id='word_1_132' title='bbox 329 1151 622 1191; x_wconf 89' lang='lat' dir='ltr'>possessorum</span> <span class='ocrx_word' id='word_1_133' title='bbox 649 1135 797 1176; x_wconf 83' lang='lat' dir='ltr'>relicta</span> <span class='ocrx_word' id='word_1_134' title='bbox 823 1136 964 1189; x_wconf 89' lang='lat' dir='ltr'>portio</span> <span class='ocrx_word' id='word_1_135' title='bbox 992 1135 1043 1175; x_wconf 84' lang='lat' dir='ltr'>ad</span> <span class='ocrx_word' id='word_1_136' title='bbox 1075 1136 1141 1176; x_wconf 90' lang='lat' dir='ltr'>ius</span> <span class='ocrx_word' id='word_1_137' title='bbox 1169 1134 1360 1176; x_wconf 89' lang='lat' dir='ltr'>coloniae</span> <span class='ocrx_word' id='word_1_138' title='bbox 1391 1148 1560 1175; x_wconf 88' lang='lat' dir='ltr'>reuoca-</span> 
     </span>
    </p>
   </div>
   <div class='ocr_carea' id='block_1_10' title="bbox 1586 741 1620 766">
    <p class='ocr_par' dir='ltr' id='par_1_10' title="bbox 1586 741 1620 766">
     <span class='ocr_line' id='line_1_22' title="bbox 1586 741 1620 766; baseline 0 0"><span class='ocrx_word' id='word_1_139' title='bbox 1586 741 1620 766; x_wconf 91' lang='lat'>10</span> 
     </span>
    </p>
   </div>
   <div class='ocr_carea' id='block_1_11' title="bbox 208 1188 1618 1250">
    <p class='ocr_par' dir='ltr' id='par_1_11' title="bbox 208 1188 1618 1250">
     <span class='ocr_line' id='line_1_23' title="bbox 208 1188 1618 1250; baseline -0.002 -13"><span class='ocrx_word' id='word_1_140' title='bbox 208 1201 297 1250; x_wconf 82' lang='lat' dir='ltr'>tur,</span> <span class='ocrx_word' id='word_1_141' title='bbox 336 1197 396 1237; x_wconf 89' lang='lat' dir='ltr'>sic</span> <span class='ocrx_word' id='word_1_142' title='bbox 432 1211 577 1236; x_wconf 87' lang='lat' dir='ltr'>eorum</span> <span class='ocrx_word' id='word_1_143' title='bbox 613 1195 768 1249; x_wconf 88' lang='lat' dir='ltr'>quibus</span> <span class='ocrx_word' id='word_1_144' title='bbox 803 1194 901 1248; x_wconf 85' lang='lat' dir='ltr'>plus</span> <span class='ocrx_word' id='word_1_145' title='bbox 936 1194 1155 1249; x_wconf 88' lang='lat' dir='ltr'>possidere</span> <span class='ocrx_word' id='word_1_146' title='bbox 1190 1194 1444 1248; x_wconf 89' lang='lat' dir='ltr'>permissum</span> <span class='ocrx_word' id='word_1_147' title='bbox 1480 1197 1561 1234; x_wconf 88' lang='lat' dir='ltr'>est:</span> <span class='ocrx_word' id='word_1_148' title='bbox 1603 1188 1618 1200; x_wconf 58' lang='lat'>⁸</span> 
     </span>
    </p>
   </div>
   <div class='ocr_carea' id='block_1_12' title="bbox 210 1252 1561 1298">
    <p class='ocr_par' dir='ltr' id='par_1_12' title="bbox 210 1252 1561 1298">
     <span class='ocr_line' id='line_1_24' title="bbox 210 1252 1561 1298; baseline -0.004 -1"><span class='ocrx_word' id='word_1_149' title='bbox 210 1258 401 1298; x_wconf 87' lang='lat' dir='ltr'>omnium</span> <span class='ocrx_word' id='word_1_150' title='bbox 427 1256 540 1296; x_wconf 88' lang='lat' dir='ltr'>enim</span> <span class='ocrx_word' id='word_1_151' title='bbox 565 1254 721 1295; x_wconf 83' lang='lat' dir='ltr'>fundos</span> <span class='ocrx_word' id='word_1_152' title='bbox 748 1254 977 1296; x_wconf 89' lang='lat' dir='ltr'>secundum</span> <span class='ocrx_word' id='word_1_153' title='bbox 1005 1253 1164 1295; x_wconf 75' lang='lat' dir='ltr'>reditus</span> <span class='ocrx_word' id='word_1_154' title='bbox 1185 1253 1340 1294; x_wconf 88' lang='lat' dir='ltr'>coemit</span> <span class='ocrx_word' id='word_1_155' title='bbox 1366 1256 1408 1294; x_wconf 89' lang='lat' dir='ltr'>et</span> <span class='ocrx_word' id='word_1_156' title='bbox 1432 1252 1561 1293; x_wconf 90' lang='lat' dir='ltr'>militi</span> 
     </span>
    </p>
   </div>
   <div class='ocr_carea' id='block_1_13' title="bbox 210 1312 1669 1375">
    <p class='ocr_par' dir='ltr' id='par_1_13' title="bbox 210 1312 1669 1375">
     <span class='ocr_line' id='line_1_25' title="bbox 210 1312 1669 1375; baseline -0.001 -19"><span class='ocrx_word' id='word_1_157' title='bbox 210 1315 464 1370; x_wconf 81' lang='lat' dir='ltr'>adsignauit.</span> <span class='ocrx_word' id='word_1_158' title='bbox 503 1314 785 1355; x_wconf 86' lang='lat' dir='ltr'>inscribemus</span> <span class='ocrx_word' id='word_1_159' title='bbox 819 1327 919 1369; x_wconf 80' lang='lat' dir='ltr'>ergo</span> <span class='ocrx_word' id='word_1_160' title='bbox 954 1327 1175 1355; x_wconf 87' lang='lat' dir='ltr'>concessos</span> <span class='ocrx_word' id='word_1_161' title='bbox 1209 1313 1286 1366; x_wconf 87' lang='lat' dir='ltr'>sic,</span> <span class='ocrx_word' id='word_1_162' title='bbox 1320 1314 1365 1353; x_wconf 91' lang='lat' dir='ltr'>ut</span> <span class='ocrx_word' id='word_1_163' title='bbox 1397 1312 1442 1353; x_wconf 91' lang='lat' dir='ltr'>in</span> <span class='ocrx_word' id='word_1_164' title='bbox 1467 1326 1561 1352; x_wconf 86' lang='lat' dir='ltr'>aere</span> <span class='ocrx_word' id='word_1_165' title='bbox 1587 1330 1602 1355; x_wconf 61' lang='grc' dir='ltr'>Ξ</span> <span class='ocrx_word' id='word_1_166' title='bbox 1648 1338 1669 1375; x_wconf 55' lang='lat'>&#39;⁴</span> 
     </span>
    </p>
   </div>
   <div class='ocr_carea' id='block_1_14' title="bbox 210 1371 1561 1487">
    <p class='ocr_par' dir='ltr' id='par_1_14' title="bbox 210 1371 1561 1487">
     <span class='ocr_line' id='line_1_26' title="bbox 210 1371 790 1430; baseline -0.005 -14"><span class='ocrx_word' id='word_1_167' title='bbox 210 1377 497 1430; x_wconf 85' lang='lat' dir='ltr'>permaneant.</span> <span class='ocrx_word' id='word_1_168' title='bbox 527 1376 531 1426; x_wconf 92' lang='grc' dir='ltr'>Ι</span> <span class='ocrx_word' id='word_1_169' title='bbox 561 1374 650 1429; x_wconf 73' lang='lat' dir='ltr'>(fig.</span> <span class='ocrx_word' id='word_1_170' title='bbox 674 1371 790 1428; x_wconf 76' lang='lat'>124.)</span> 
     </span>
     <span class='ocr_line' id='line_1_27' title="bbox 268 1430 1561 1487; baseline -0.004 -12"><span class='ocrx_word' id='word_1_171' title='bbox 268 1434 416 1487; x_wconf 89' lang='lat' dir='ltr'>Aeque</span> <span class='ocrx_word' id='word_1_172' title='bbox 443 1433 659 1474; x_wconf 86' lang='lat' dir='ltr'>territorio</span> <span class='ocrx_word' id='word_1_173' title='bbox 687 1432 829 1486; x_wconf 87' lang='lat' dir='ltr'>siquid</span> <span class='ocrx_word' id='word_1_174' title='bbox 855 1431 935 1473; x_wconf 85' lang='lat' dir='ltr'>erit</span> <span class='ocrx_word' id='word_1_175' title='bbox 962 1430 1252 1486; x_wconf 67' lang='lat' dir='ltr'>adsignatum,</span> <span class='ocrx_word' id='word_1_176' title='bbox 1279 1430 1321 1471; x_wconf 90' lang='lat' dir='ltr'>id</span> <span class='ocrx_word' id='word_1_177' title='bbox 1348 1430 1400 1471; x_wconf 87' lang='lat' dir='ltr'>ad</span> <span class='ocrx_word' id='word_1_178' title='bbox 1425 1431 1561 1484; x_wconf 84' lang='lat' dir='ltr'>ipsam</span> 
     </span>
    </p>
   </div>
   <div class='ocr_carea' id='block_1_15' title="bbox 265 1506 491 1509">
    <p class='ocr_par' dir='ltr' id='par_1_15' title="bbox 265 1506 491 1509">
     <span class='ocr_line' id='line_1_28' title="bbox 265 1506 491 1509; baseline 0 0"><span class='ocrx_word' id='word_1_179' title='bbox 265 1506 491 1509; x_wconf 95' lang='lat' dir='ltr'> </span> 
     </span>
    </p>
   </div>
   <div class='ocr_carea' id='block_1_16' title="bbox 268 1538 918 1583">
    <p class='ocr_par' dir='ltr' id='par_1_16' title="bbox 268 1538 918 1583">
     <span class='ocr_line' id='line_1_29' title="bbox 268 1538 918 1583; baseline -0.006 -10"><span class='ocrx_word' id='word_1_180' title='bbox 268 1546 403 1583; x_wconf 75' lang='lat' dir='ltr'>22—p.</span> <span class='ocrx_word' id='word_1_181' title='bbox 419 1545 484 1580; x_wconf 83' lang='grc'>161,</span> <span class='ocrx_word' id='word_1_182' title='bbox 499 1544 517 1570; x_wconf 80' lang='lat'><em>8</em></span> <span class='ocrx_word' id='word_1_183' title='bbox 544 1538 684 1581; x_wconf 79' lang='lat' dir='ltr'>Agenn.</span> <span class='ocrx_word' id='word_1_184' title='bbox 708 1540 763 1577; x_wconf 70' lang='lat'>46,</span> <span class='ocrx_word' id='word_1_185' title='bbox 779 1539 918 1570; x_wconf 75' lang='lat'>20—25</span> 
     </span>
    </p>
   </div>
   <div class='ocr_carea' id='block_1_17' title="bbox 268 1603 366 1605">
    <p class='ocr_par' dir='ltr' id='par_1_17' title="bbox 268 1603 366 1605">
     <span class='ocr_line' id='line_1_30' title="bbox 268 1603 366 1605; baseline 0 0"><span class='ocrx_word' id='word_1_186' title='bbox 268 1603 366 1605; x_wconf 95' lang='lat' dir='ltr'> </span> 
     </span>
    </p>
   </div>
   <div class='ocr_carea' id='block_1_18' title="bbox 209 1629 1562 2056">
    <p class='ocr_par' dir='ltr' id='par_1_18' title="bbox 209 1629 1562 2056">
     <span class='ocr_line' id='line_1_31' title="bbox 268 1629 1561 1676; baseline -0.004 -9"><span class='ocrx_word' id='word_1_187' title='bbox 268 1641 284 1667; x_wconf 92' lang='lat'>1</span> <span class='ocrx_word' id='word_1_188' title='bbox 309 1635 469 1676; x_wconf 84' lang='lat' dir='ltr'>utruque</span> <span class='ocrx_word' id='word_1_189' title='bbox 496 1635 541 1673; x_wconf 81' lang='lat' dir='ltr'>A,</span> <span class='ocrx_word' id='word_1_190' title='bbox 568 1631 754 1674; x_wconf 87' lang='lat' dir='ltr'>utrimque</span> <span class='ocrx_word' id='word_1_191' title='bbox 780 1635 805 1664; x_wconf 89' lang='lat' dir='ltr'>P</span> <span class='ocrx_word' id='word_1_192' title='bbox 834 1632 838 1675; x_wconf 82' lang='lat'>1</span> <span class='ocrx_word' id='word_1_193' title='bbox 871 1630 956 1676; x_wconf 88' lang='lat' dir='ltr'>erit]</span> <span class='ocrx_word' id='word_1_194' title='bbox 983 1630 1095 1664; x_wconf 85' lang='lat' dir='ltr'>fuerit</span> <span class='ocrx_word' id='word_1_195' title='bbox 1120 1634 1145 1663; x_wconf 87' lang='lat' dir='ltr'>P</span> <span class='ocrx_word' id='word_1_196' title='bbox 1177 1631 1181 1673; x_wconf 93' lang='grc' dir='ltr'>Ι</span> <span class='ocrx_word' id='word_1_197' title='bbox 1212 1629 1493 1674; x_wconf 83' lang='lat' dir='ltr'>inscriptionem</span> <span class='ocrx_word' id='word_1_198' title='bbox 1521 1632 1561 1672; x_wconf 83' lang='lat' dir='ltr'>A,</span> 
     </span>
     <span class='ocr_line' id='line_1_32' title="bbox 209 1677 1501 1722; baseline -0.005 -6"><span class='ocrx_word' id='word_1_199' title='bbox 209 1680 511 1716; x_wconf 83' lang='lat' dir='ltr'>terminationem</span> <span class='ocrx_word' id='word_1_200' title='bbox 538 1682 563 1711; x_wconf 87' lang='lat' dir='ltr'>B</span> <span class='ocrx_word' id='word_1_201' title='bbox 673 1686 690 1712; x_wconf 84' lang='lat'>3</span> <span class='ocrx_word' id='word_1_202' title='bbox 721 1679 953 1712; x_wconf 85' lang='lat' dir='ltr'>demonstrat</span> <span class='ocrx_word' id='word_1_203' title='bbox 978 1681 1003 1711; x_wconf 91' lang='lat' dir='ltr'><strong>B</strong></span> <span class='ocrx_word' id='word_1_204' title='bbox 1113 1684 1131 1710; x_wconf 81' lang='grc'>6</span> <span class='ocrx_word' id='word_1_205' title='bbox 1164 1677 1261 1711; x_wconf 88' lang='lat' dir='ltr'>sicut</span> <span class='ocrx_word' id='word_1_206' title='bbox 1285 1677 1326 1722; x_wconf 88' lang='lat' dir='ltr'>P]</span> <span class='ocrx_word' id='word_1_207' title='bbox 1360 1677 1413 1711; x_wconf 90' lang='lat' dir='ltr'>sic</span> <span class='ocrx_word' id='word_1_208' title='bbox 1438 1679 1501 1709; x_wconf 88' lang='lat' dir='ltr'>AB</span> 
     </span>
     <span class='ocr_line' id='line_1_33' title="bbox 211 1723 1561 1774; baseline -0.004 -12"><span class='ocrx_word' id='word_1_209' title='bbox 211 1736 225 1762; x_wconf 84' lang='grc'><strong>7</strong></span> <span class='ocrx_word' id='word_1_210' title='bbox 254 1730 432 1774; x_wconf 70' lang='lat' dir='ltr'>Fi9.123</span> <span class='ocrx_word' id='word_1_211' title='bbox 463 1739 506 1762; x_wconf 73' lang='lat' dir='ltr'>6ae</span> <span class='ocrx_word' id='word_1_212' title='bbox 537 1730 566 1759; x_wconf 84' lang='lat' dir='ltr'>A</span> <span class='ocrx_word' id='word_1_213' title='bbox 597 1727 717 1761; x_wconf 69' lang='lat' dir='ltr'>eaecisa</span> <span class='ocrx_word' id='word_1_214' title='bbox 749 1731 800 1761; x_wconf 75' lang='lat' dir='ltr'>est</span> <span class='ocrx_word' id='word_1_215' title='bbox 929 1732 946 1758; x_wconf 86' lang='grc'>8</span> <span class='ocrx_word' id='word_1_216' title='bbox 980 1725 1208 1759; x_wconf 79' lang='lat' dir='ltr'>ostendimus</span> <span class='ocrx_word' id='word_1_217' title='bbox 1241 1727 1284 1767; x_wconf 86' lang='grc' dir='ltr'>Β,</span> <span class='ocrx_word' id='word_1_218' title='bbox 1317 1723 1561 1758; x_wconf 87' lang='lat' dir='ltr'>inscribemus</span> 
     </span>
     <span class='ocr_line' id='line_1_34' title="bbox 209 1770 1514 1815; baseline -0.005 -4"><span class='ocrx_word' id='word_1_219' title='bbox 209 1781 234 1810; x_wconf 88' lang='lat' dir='ltr'>P</span> <span class='ocrx_word' id='word_1_220' title='bbox 307 1783 325 1809; x_wconf 80' lang='grc'><strong>9</strong></span> <span class='ocrx_word' id='word_1_221' title='bbox 353 1775 474 1810; x_wconf 78' lang='lat' dir='ltr'>alucio</span> <span class='ocrx_word' id='word_1_222' title='bbox 502 1777 530 1807; x_wconf 90' lang='lat' dir='ltr'>A</span> <span class='ocrx_word' id='word_1_223' title='bbox 559 1777 562 1815; x_wconf 84' lang='grc' dir='ltr'>Ι</span> <span class='ocrx_word' id='word_1_224' title='bbox 593 1773 645 1808; x_wconf 88' lang='lat' dir='ltr'>sei</span> <span class='ocrx_word' id='word_1_225' title='bbox 671 1773 746 1807; x_wconf 81' lang='lat' dir='ltr'>filio</span> <span class='ocrx_word' id='word_1_226' title='bbox 770 1777 810 1814; x_wconf 81' lang='lat' dir='ltr'>A,</span> <span class='ocrx_word' id='word_1_227' title='bbox 837 1784 902 1807; x_wconf 85' lang='lat' dir='ltr'>om.</span> <span class='ocrx_word' id='word_1_228' title='bbox 924 1776 961 1815; x_wconf 80' lang='grc' dir='ltr'>Β,</span> <span class='ocrx_word' id='word_1_229' title='bbox 989 1772 1036 1807; x_wconf 91' lang='lat' dir='ltr'>C.</span> <span class='ocrx_word' id='word_1_230' title='bbox 1054 1772 1152 1805; x_wconf 58' lang='grc' dir='ltr'>ΕΙ.</span> <span class='ocrx_word' id='word_1_231' title='bbox 1170 1772 1218 1805; x_wconf 93' lang='lat' dir='ltr'>L.</span> <span class='ocrx_word' id='word_1_232' title='bbox 1241 1773 1276 1815; x_wconf 82' lang='grc' dir='ltr'>(ι’.</span> <span class='ocrx_word' id='word_1_233' title='bbox 1293 1783 1319 1805; x_wconf 84' lang='lat' dir='ltr'>e.</span> <span class='ocrx_word' id='word_1_234' title='bbox 1342 1770 1378 1805; x_wconf 89' lang='lat' dir='ltr'>C.</span> <span class='ocrx_word' id='word_1_235' title='bbox 1399 1770 1462 1813; x_wconf 80' lang='lat' dir='ltr'>fil.)</span> <span class='ocrx_word' id='word_1_236' title='bbox 1489 1774 1514 1803; x_wconf 89' lang='lat' dir='ltr'>P</span> 
     </span>
     <span class='ocr_line' id='line_1_35' title="bbox 210 1817 1562 1866; baseline -0.004 -8"><span class='ocrx_word' id='word_1_237' title='bbox 210 1831 245 1858; x_wconf 82' lang='lat'>12</span> <span class='ocrx_word' id='word_1_238' title='bbox 272 1824 365 1858; x_wconf 90' lang='lat' dir='ltr'>bene</span> <span class='ocrx_word' id='word_1_239' title='bbox 390 1827 426 1864; x_wconf 78' lang='lat' dir='ltr'>P,</span> <span class='ocrx_word' id='word_1_240' title='bbox 453 1832 548 1866; x_wconf 91' lang='lat' dir='ltr'>pene</span> <span class='ocrx_word' id='word_1_241' title='bbox 574 1824 613 1859; x_wconf 77' lang='lat' dir='ltr'>A,</span> <span class='ocrx_word' id='word_1_242' title='bbox 640 1832 758 1864; x_wconf 91' lang='lat' dir='ltr'>poene</span> <span class='ocrx_word' id='word_1_243' title='bbox 785 1824 809 1853; x_wconf 89' lang='lat' dir='ltr'>B</span> <span class='ocrx_word' id='word_1_244' title='bbox 833 1823 837 1863; x_wconf 94' lang='grc' dir='ltr'>Ι</span> <span class='ocrx_word' id='word_1_245' title='bbox 860 1820 897 1854; x_wconf 89' lang='lat' dir='ltr'>in</span> <span class='ocrx_word' id='word_1_246' title='bbox 923 1822 1005 1854; x_wconf 87' lang='lat' dir='ltr'>tuto</span> <span class='ocrx_word' id='word_1_247' title='bbox 1032 1823 1061 1852; x_wconf 87' lang='lat' dir='ltr'>A</span> <span class='ocrx_word' id='word_1_248' title='bbox 1152 1825 1273 1852; x_wconf 75' lang='lat'>12—13</span> <span class='ocrx_word' id='word_1_249' title='bbox 1299 1829 1367 1852; x_wconf 86' lang='lat' dir='ltr'>nec</span> <span class='ocrx_word' id='word_1_250' title='bbox 1393 1817 1562 1853; x_wconf 84' lang='lat' dir='ltr'>coloniae</span> 
     </span>
     <span class='ocr_line' id='line_1_36' title="bbox 210 1865 1561 1912; baseline -0.005 -7"><span class='ocrx_word' id='word_1_251' title='bbox 210 1871 324 1905; x_wconf 81' lang='lat' dir='ltr'>ullam</span> <span class='ocrx_word' id='word_1_252' title='bbox 351 1875 387 1912; x_wconf 87' lang='lat' dir='ltr'>P,</span> <span class='ocrx_word' id='word_1_253' title='bbox 420 1869 552 1904; x_wconf 86' lang='lat' dir='ltr'>inhaec</span> <span class='ocrx_word' id='word_1_254' title='bbox 578 1868 680 1902; x_wconf 80' lang='lat' dir='ltr'>ullae</span> <span class='ocrx_word' id='word_1_255' title='bbox 706 1867 873 1902; x_wconf 83' lang='lat' dir='ltr'>coloniae</span> <span class='ocrx_word' id='word_1_256' title='bbox 899 1871 944 1908; x_wconf 75' lang='lat' dir='ltr'>A,</span> <span class='ocrx_word' id='word_1_257' title='bbox 977 1866 1088 1901; x_wconf 81' lang='lat' dir='ltr'>inhae</span> <span class='ocrx_word' id='word_1_258' title='bbox 1115 1866 1281 1900; x_wconf 83' lang='lat' dir='ltr'>coloniae</span> <span class='ocrx_word' id='word_1_259' title='bbox 1308 1869 1334 1899; x_wconf 90' lang='grc' dir='ltr'>Β</span> <span class='ocrx_word' id='word_1_260' title='bbox 1434 1872 1470 1899; x_wconf 84' lang='grc'>13</span> <span class='ocrx_word' id='word_1_261' title='bbox 1497 1865 1561 1899; x_wconf 89' lang='lat' dir='ltr'>de-</span> 
     </span>
     <span class='ocr_line' id='line_1_37' title="bbox 209 1913 1561 1963; baseline -0.006 -10"><span class='ocrx_word' id='word_1_262' title='bbox 209 1918 340 1953; x_wconf 87' lang='lat' dir='ltr'>berent</span> <span class='ocrx_word' id='word_1_263' title='bbox 366 1918 406 1963; x_wconf 86' lang='lat' dir='ltr'>P]</span> <span class='ocrx_word' id='word_1_264' title='bbox 440 1917 620 1951; x_wconf 85' lang='lat' dir='ltr'>haberent</span> <span class='ocrx_word' id='word_1_265' title='bbox 645 1919 708 1949; x_wconf 90' lang='lat' dir='ltr'>AB</span> <span class='ocrx_word' id='word_1_266' title='bbox 743 1917 747 1959; x_wconf 93' lang='grc' dir='ltr'>Ι</span> <span class='ocrx_word' id='word_1_267' title='bbox 782 1917 819 1949; x_wconf 92' lang='lat' dir='ltr'>et</span> <span class='ocrx_word' id='word_1_268' title='bbox 847 1918 890 1956; x_wconf 79' lang='grc' dir='ltr'>Β,</span> <span class='ocrx_word' id='word_1_269' title='bbox 924 1926 989 1949; x_wconf 84' lang='lat' dir='ltr'>om.</span> <span class='ocrx_word' id='word_1_270' title='bbox 1011 1918 1072 1947; x_wconf 88' lang='lat' dir='ltr'>AP</span> <span class='ocrx_word' id='word_1_271' title='bbox 1180 1920 1215 1947; x_wconf 83' lang='lat'>14</span> <span class='ocrx_word' id='word_1_272' title='bbox 1243 1913 1277 1947; x_wconf 88' lang='lat' dir='ltr'>ei</span> <span class='ocrx_word' id='word_1_273' title='bbox 1303 1913 1390 1958; x_wconf 73' lang='lat' dir='ltr'>La]</span> <span class='ocrx_word' id='word_1_274' title='bbox 1424 1915 1461 1946; x_wconf 92' lang='lat' dir='ltr'>et</span> <span class='ocrx_word' id='word_1_275' title='bbox 1486 1915 1561 1954; x_wconf 81' lang='lat' dir='ltr'>AB,</span> 
     </span>
     <span class='ocr_line' id='line_1_38' title="bbox 211 1959 1560 2006; baseline -0.005 -6"><span class='ocrx_word' id='word_1_276' title='bbox 211 1977 230 2000; x_wconf 92' lang='lat' dir='ltr'>e</span> <span class='ocrx_word' id='word_1_277' title='bbox 255 1970 280 1999; x_wconf 91' lang='lat' dir='ltr'>P</span> <span class='ocrx_word' id='word_1_278' title='bbox 354 1971 475 1998; x_wconf 84' lang='lat'>14—15</span> <span class='ocrx_word' id='word_1_279' title='bbox 502 1963 690 1997; x_wconf 89' lang='lat' dir='ltr'>indultum</span> <span class='ocrx_word' id='word_1_280' title='bbox 718 1964 773 1997; x_wconf 88' lang='lat' dir='ltr'>est</span> <span class='ocrx_word' id='word_1_281' title='bbox 793 1961 900 2005; x_wconf 77' lang='lat' dir='ltr'>A,&#39;!.</span> <span class='ocrx_word' id='word_1_282' title='bbox 919 1965 978 1995; x_wconf 89' lang='lat' dir='ltr'>BP</span> <span class='ocrx_word' id='word_1_283' title='bbox 1050 1968 1086 1995; x_wconf 82' lang='lat'>15</span> <span class='ocrx_word' id='word_1_284' title='bbox 1114 1972 1196 1995; x_wconf 86' lang='lat' dir='ltr'>cum</span> <span class='ocrx_word' id='word_1_285' title='bbox 1223 1972 1288 1995; x_wconf 86' lang='lat' dir='ltr'>om.</span> <span class='ocrx_word' id='word_1_286' title='bbox 1304 1964 1330 1994; x_wconf 90' lang='lat' dir='ltr'>B</span> <span class='ocrx_word' id='word_1_287' title='bbox 1353 1963 1358 2005; x_wconf 94' lang='grc' dir='ltr'>Ι</span> <span class='ocrx_word' id='word_1_288' title='bbox 1381 1959 1560 2006; x_wconf 86' lang='lat' dir='ltr'>edictum]</span> 
     </span>
     <span class='ocr_line' id='line_1_39' title="bbox 209 2007 1560 2056; baseline -0.005 -9"><span class='ocrx_word' id='word_1_289' title='bbox 209 2013 371 2048; x_wconf 83' lang='lat' dir='ltr'>reditum</span> <span class='ocrx_word' id='word_1_290' title='bbox 392 2016 428 2055; x_wconf 72' lang='lat' dir='ltr'>P,</span> <span class='ocrx_word' id='word_1_291' title='bbox 448 2011 618 2056; x_wconf 89' lang='lat' dir='ltr'>peditum</span> <span class='ocrx_word' id='word_1_292' title='bbox 638 2014 663 2043; x_wconf 89' lang='lat' dir='ltr'>B</span> <span class='ocrx_word' id='word_1_293' title='bbox 726 2017 761 2043; x_wconf 79' lang='grc'>16</span> <span class='ocrx_word' id='word_1_294' title='bbox 781 2020 891 2054; x_wconf 85' lang='lat' dir='ltr'>quem</span> <span class='ocrx_word' id='word_1_295' title='bbox 912 2009 1128 2054; x_wconf 80' lang='lat' dir='ltr'>admodum]</span> <span class='ocrx_word' id='word_1_296' title='bbox 1151 2007 1269 2050; x_wconf 80' lang='lat' dir='ltr'>Quam</span> <span class='ocrx_word' id='word_1_297' title='bbox 1289 2011 1314 2040; x_wconf 89' lang='lat' dir='ltr'>B</span> <span class='ocrx_word' id='word_1_298' title='bbox 1376 2013 1485 2041; x_wconf 79' lang='lat'>17-18</span> <span class='ocrx_word' id='word_1_299' title='bbox 1504 2017 1560 2041; x_wconf 83' lang='lat' dir='ltr'>re-</span> 
     </span>
    </p>
   </div>
   <div class='ocr_carea' id='block_1_19' title="bbox 160 2056 1561 2102">
    <p class='ocr_par' dir='ltr' id='par_1_19' title="bbox 160 2056 1561 2102">
     <span class='ocr_line' id='line_1_40' title="bbox 160 2056 1561 2102; baseline -0.004 -10"><span class='ocrx_word' id='word_1_300' title='bbox 160 2088 163 2092; x_wconf 53' lang='lat'>.</span> <span class='ocrx_word' id='word_1_301' title='bbox 210 2060 407 2095; x_wconf 86' lang='lat' dir='ltr'>uocabitur</span> <span class='ocrx_word' id='word_1_302' title='bbox 431 2063 457 2092; x_wconf 90' lang='lat' dir='ltr'>B</span> <span class='ocrx_word' id='word_1_303' title='bbox 530 2065 566 2092; x_wconf 83' lang='grc'>18</span> <span class='ocrx_word' id='word_1_304' title='bbox 594 2058 645 2092; x_wconf 87' lang='lat' dir='ltr'>sic</span> <span class='ocrx_word' id='word_1_305' title='bbox 673 2069 797 2091; x_wconf 84' lang='lat' dir='ltr'>eorum</span> <span class='ocrx_word' id='word_1_306' title='bbox 823 2057 864 2102; x_wconf 88' lang='lat' dir='ltr'>P]</span> <span class='ocrx_word' id='word_1_307' title='bbox 892 2057 1087 2090; x_wconf 88' lang='lat' dir='ltr'>citerorum</span> <span class='ocrx_word' id='word_1_308' title='bbox 1109 2059 1148 2097; x_wconf 73' lang='lat' dir='ltr'>A,</span> <span class='ocrx_word' id='word_1_309' title='bbox 1176 2057 1381 2089; x_wconf 88' lang='lat' dir='ltr'>ceterorum</span> <span class='ocrx_word' id='word_1_310' title='bbox 1403 2058 1428 2088; x_wconf 88' lang='grc' dir='ltr'>Β</span> <span class='ocrx_word' id='word_1_311' title='bbox 1452 2056 1456 2099; x_wconf 96' lang='grc' dir='ltr'>Ι</span> <span class='ocrx_word' id='word_1_312' title='bbox 1478 2065 1561 2098; x_wconf 91' lang='lat' dir='ltr'>pcr-</span> 
     </span>
    </p>
   </div>
   <div class='ocr_carea' id='block_1_20' title="bbox 210 2102 1562 2387">
    <p class='ocr_par' dir='ltr' id='par_1_20' title="bbox 210 2102 1562 2387">
     <span class='ocr_line' id='line_1_41' title="bbox 210 2102 1559 2153; baseline -0.005 -11"><span class='ocrx_word' id='word_1_313' title='bbox 210 2108 380 2153; x_wconf 89' lang='lat' dir='ltr'>missum]</span> <span class='ocrx_word' id='word_1_314' title='bbox 408 2106 645 2141; x_wconf 87' lang='lat' dir='ltr'>commissum</span> <span class='ocrx_word' id='word_1_315' title='bbox 672 2108 697 2138; x_wconf 91' lang='lat' dir='ltr'>B</span> <span class='ocrx_word' id='word_1_316' title='bbox 771 2111 806 2138; x_wconf 81' lang='lat'>19</span> <span class='ocrx_word' id='word_1_317' title='bbox 833 2104 984 2149; x_wconf 83' lang='lat' dir='ltr'>fundos]</span> <span class='ocrx_word' id='word_1_318' title='bbox 1011 2105 1215 2137; x_wconf 86' lang='lat' dir='ltr'>ceterorum</span> <span class='ocrx_word' id='word_1_319' title='bbox 1243 2102 1342 2146; x_wconf 89' lang='lat' dir='ltr'>quib.</span> <span class='ocrx_word' id='word_1_320' title='bbox 1368 2102 1451 2146; x_wconf 87' lang='lat' dir='ltr'>plus</span> <span class='ocrx_word' id='word_1_321' title='bbox 1477 2112 1559 2145; x_wconf 84' lang='lat' dir='ltr'>pos-</span> 
     </span>
     <span class='ocr_line' id='line_1_42' title="bbox 211 2149 1561 2195; baseline -0.004 -6"><span class='ocrx_word' id='word_1_322' title='bbox 211 2155 330 2189; x_wconf 89' lang='lat' dir='ltr'>sidere</span> <span class='ocrx_word' id='word_1_323' title='bbox 357 2154 594 2189; x_wconf 88' lang='lat' dir='ltr'>commissum</span> <span class='ocrx_word' id='word_1_324' title='bbox 621 2159 677 2187; x_wconf 86' lang='lat' dir='ltr'>est</span> <span class='ocrx_word' id='word_1_325' title='bbox 702 2152 867 2186; x_wconf 89' lang='lat' dir='ltr'>omnium</span> <span class='ocrx_word' id='word_1_326' title='bbox 894 2151 993 2185; x_wconf 87' lang='lat' dir='ltr'>enim</span> <span class='ocrx_word' id='word_1_327' title='bbox 1019 2150 1165 2185; x_wconf 88' lang='lat' dir='ltr'>funeros</span> <span class='ocrx_word' id='word_1_328' title='bbox 1188 2162 1255 2195; x_wconf 78' lang='lat' dir='ltr'>per</span> <span class='ocrx_word' id='word_1_329' title='bbox 1277 2149 1561 2194; x_wconf 72' lang='lat' dir='ltr'>dittogyraphiam</span> 
     </span>
     <span class='ocr_line' id='line_1_43' title="bbox 211 2196 1560 2245; baseline -0.005 -9"><span class='ocrx_word' id='word_1_330' title='bbox 211 2203 294 2237; x_wconf 79' lang='lat' dir='ltr'>add.</span> <span class='ocrx_word' id='word_1_331' title='bbox 310 2205 336 2235; x_wconf 90' lang='lat' dir='ltr'>B</span> <span class='ocrx_word' id='word_1_332' title='bbox 360 2206 363 2242; x_wconf 69' lang='grc' dir='ltr'>Ι</span> <span class='ocrx_word' id='word_1_333' title='bbox 386 2201 525 2236; x_wconf 84' lang='lat' dir='ltr'>reditos</span> <span class='ocrx_word' id='word_1_334' title='bbox 548 2200 683 2235; x_wconf 86' lang='lat' dir='ltr'>coemit</span> <span class='ocrx_word' id='word_1_335' title='bbox 703 2200 779 2245; x_wconf 78' lang='grc' dir='ltr'>ΑΡ]</span> <span class='ocrx_word' id='word_1_336' title='bbox 800 2198 973 2233; x_wconf 86' lang='lat' dir='ltr'>meritum</span> <span class='ocrx_word' id='word_1_337' title='bbox 995 2201 1020 2231; x_wconf 90' lang='lat' dir='ltr'>B</span> <span class='ocrx_word' id='word_1_338' title='bbox 1044 2201 1047 2242; x_wconf 91' lang='grc' dir='ltr'>Ι</span> <span class='ocrx_word' id='word_1_339' title='bbox 1072 2201 1106 2232; x_wconf 82' lang='lat' dir='ltr'>et</span> <span class='ocrx_word' id='word_1_340' title='bbox 1128 2198 1299 2231; x_wconf 81' lang='lat' dir='ltr'>militiam</span> <span class='ocrx_word' id='word_1_341' title='bbox 1321 2199 1346 2229; x_wconf 89' lang='lat' dir='ltr'>B</span> <span class='ocrx_word' id='word_1_342' title='bbox 1414 2203 1453 2230; x_wconf 77' lang='lat'>20</span> <span class='ocrx_word' id='word_1_343' title='bbox 1473 2196 1560 2230; x_wconf 86' lang='lat' dir='ltr'>scri-</span> 
     </span>
     <span class='ocr_line' id='line_1_44' title="bbox 210 2243 1560 2293; baseline -0.006 -9"><span class='ocrx_word' id='word_1_344' title='bbox 210 2249 333 2283; x_wconf 88' lang='lat' dir='ltr'>bimus</span> <span class='ocrx_word' id='word_1_345' title='bbox 359 2253 384 2282; x_wconf 90' lang='lat' dir='ltr'>B</span> <span class='ocrx_word' id='word_1_346' title='bbox 420 2252 424 2293; x_wconf 87' lang='lat'><em>1</em></span> <span class='ocrx_word' id='word_1_347' title='bbox 459 2259 652 2283; x_wconf 87' lang='lat' dir='ltr'>concessos</span> <span class='ocrx_word' id='word_1_348' title='bbox 678 2250 752 2287; x_wconf 80' lang='lat' dir='ltr'>AB,</span> <span class='ocrx_word' id='word_1_349' title='bbox 780 2246 913 2280; x_wconf 89' lang='lat' dir='ltr'>fundos</span> <span class='ocrx_word' id='word_1_350' title='bbox 939 2249 964 2279; x_wconf 91' lang='lat' dir='ltr'>P</span> <span class='ocrx_word' id='word_1_351' title='bbox 999 2248 1002 2288; x_wconf 88' lang='grc' dir='ltr'>Ι</span> <span class='ocrx_word' id='word_1_352' title='bbox 1039 2245 1143 2280; x_wconf 82' lang='lat' dir='ltr'>.Sic.</span> <span class='ocrx_word' id='word_1_353' title='bbox 1171 2247 1214 2279; x_wconf 90' lang='lat' dir='ltr'>ut</span> <span class='ocrx_word' id='word_1_354' title='bbox 1238 2248 1278 2286; x_wconf 82' lang='lat' dir='ltr'>A,</span> <span class='ocrx_word' id='word_1_355' title='bbox 1305 2244 1402 2278; x_wconf 89' lang='lat' dir='ltr'>sicut</span> <span class='ocrx_word' id='word_1_356' title='bbox 1426 2248 1451 2277; x_wconf 91' lang='lat' dir='ltr'>P</span> <span class='ocrx_word' id='word_1_357' title='bbox 1482 2246 1486 2286; x_wconf 90' lang='grc' dir='ltr'>Ι</span> <span class='ocrx_word' id='word_1_358' title='bbox 1521 2243 1560 2276; x_wconf 90' lang='lat' dir='ltr'>in</span> 
     </span>
     <span class='ocr_line' id='line_1_45' title="bbox 211 2291 1562 2342; baseline -0.004 -11"><span class='ocrx_word' id='word_1_359' title='bbox 211 2309 275 2331; x_wconf 87' lang='lat' dir='ltr'>om.</span> <span class='ocrx_word' id='word_1_360' title='bbox 297 2301 322 2330; x_wconf 91' lang='lat' dir='ltr'>P</span> <span class='ocrx_word' id='word_1_361' title='bbox 357 2298 361 2342; x_wconf 96' lang='grc' dir='ltr'>Ι</span> <span class='ocrx_word' id='word_1_362' title='bbox 397 2297 496 2341; x_wconf 86' lang='lat' dir='ltr'>aere]</span> <span class='ocrx_word' id='word_1_363' title='bbox 526 2306 565 2329; x_wconf 88' lang='lat' dir='ltr'>re</span> <span class='ocrx_word' id='word_1_364' title='bbox 591 2299 620 2328; x_wconf 81' lang='lat' dir='ltr'>A</span> <span class='ocrx_word' id='word_1_365' title='bbox 741 2301 775 2328; x_wconf 78' lang='lat'>21</span> <span class='ocrx_word' id='word_1_366' title='bbox 801 2294 1019 2338; x_wconf 85' lang='lat' dir='ltr'>permaneat</span> <span class='ocrx_word' id='word_1_367' title='bbox 1050 2296 1075 2325; x_wconf 88' lang='lat' dir='ltr'>P</span> <span class='ocrx_word' id='word_1_368' title='bbox 1109 2295 1113 2334; x_wconf 94' lang='grc'>1</span> <span class='ocrx_word' id='word_1_369' title='bbox 1156 2293 1274 2327; x_wconf 66' lang='lat' dir='ltr'>Unum</span> <span class='ocrx_word' id='word_1_370' title='bbox 1304 2291 1435 2334; x_wconf 75' lang='lat' dir='ltr'>folium</span> <span class='ocrx_word' id='word_1_371' title='bbox 1468 2291 1562 2326; x_wconf 81' lang='lat' dir='ltr'>deest</span> 
     </span>
     <span class='ocr_line' id='line_1_46' title="bbox 210 2341 1119 2387; baseline -0.006 -9"><span class='ocrx_word' id='word_1_372' title='bbox 210 2346 249 2379; x_wconf 80' lang='lat' dir='ltr'>in</span> <span class='ocrx_word' id='word_1_373' title='bbox 277 2348 305 2377; x_wconf 81' lang='lat' dir='ltr'>A</span> <span class='ocrx_word' id='word_1_374' title='bbox 403 2351 439 2377; x_wconf 75' lang='lat'>22</span> <span class='ocrx_word' id='word_1_375' title='bbox 465 2344 504 2377; x_wconf 87' lang='lat' dir='ltr'>id</span> <span class='ocrx_word' id='word_1_376' title='bbox 532 2343 579 2376; x_wconf 83' lang='lat' dir='ltr'>ad</span> <span class='ocrx_word' id='word_1_377' title='bbox 606 2343 725 2386; x_wconf 87' lang='lat' dir='ltr'>ipsam</span> <span class='ocrx_word' id='word_1_378' title='bbox 751 2342 792 2387; x_wconf 88' lang='lat' dir='ltr'>P]</span> <span class='ocrx_word' id='word_1_379' title='bbox 820 2343 857 2375; x_wconf 89' lang='lat' dir='ltr'>et</span> <span class='ocrx_word' id='word_1_380' title='bbox 883 2341 1067 2375; x_wconf 83' lang='lat' dir='ltr'>adiectam</span> <span class='ocrx_word' id='word_1_381' title='bbox 1094 2343 1119 2373; x_wconf 88' lang='lat' dir='ltr'>B</span> 
     </span>
    </p>
   </div>
   <div class='ocr_carea' id='block_1_21' title="bbox 1640 0 1669 2545">
    <p class='ocr_par' dir='ltr' id='par_1_21' title="bbox 1640 0 1669 2545">
     <span class='ocr_line' id='line_1_47' title="bbox 1640 0 1669 2545; baseline 0 0"><span class='ocrx_word' id='word_1_382' title='bbox 1640 0 1669 2545; x_wconf 95' lang='lat' dir='ltr'> </span> 
     </span>
    </p>
   </div>
  </div>
 </body>
</html>
