1669 2545
97 56 158 89 La.
177 61 238 89 141
406 55 468 88 DE
496 54 865 89 CONDICIONIBVS
891 55 1130 89 AGRORVM
1218 57 1282 90 BP
1360 58 1440 97 105

96 165 298 204 uenimus.
345 178 450 217 quae
477 178 542 204 res
568 165 723 215 tamen,
751 166 799 203 ut
826 177 952 216 supra
978 163 1173 217 diximus7
1200 166 1437 205 uoluntaria

96 225 168 263 est.
215 223 341 264 carbo
368 226 508 263 autem
535 224 609 262 aut
639 221 744 262 cinis
772 236 900 275 quare
926 223 1186 274 inueniatur,
1218 239 1301 264 una
1328 228 1440 265 certa

95 282 202 323 ratio
242 285 322 334 est,
362 295 468 335 quae
506 281 616 335 apud
655 281 855 334 antiquos
894 284 957 322 est
996 282 1165 335 quidem
1205 283 1440 331 obseruata,

96 344 243 395 postea
269 355 369 382 uero
395 341 605 396 neglecta:
639 340 748 380 unde
774 344 848 380 aut
880 340 1047 381 diuersa
1073 344 1147 382 aut
1178 343 1294 382 nulla
1321 342 1439 397 signa

53 418 67 440 5
95 400 380 441 inueniuntur.
413 414 506 440 cum
529 399 638 440 enim
667 399 873 439 terminos
901 399 1184 454 disponerent,
1212 401 1326 454 ipsos
1352 401 1440 453 qui-

35 714 67 736 10

31 1008 61 1031 15

96 459 189 499 dem
204 459 365 513 lapides
380 460 422 499 in
437 458 615 499 solidam
630 461 785 499 terram
799 461 938 499 rectos
954 460 1234 500 conlocabant
1248 461 1440 513 proxime

95 533 142 559 ea
167 519 272 571 loca,
298 519 341 558 in
369 518 523 572 quibus
548 518 675 558 fossis
695 517 819 558 factis
840 517 1021 571 posituri
1050 533 1120 559 eos
1147 522 1278 571 erant,
1305 522 1346 559 et
1367 534 1439 559 un-

93 580 251 632 guento
271 577 638 629 uelaminibusque
660 580 702 617 et
721 577 888 617 coronis
915 591 985 618 eos
1011 577 1363 631 [c]or[o]nabant.
1396 579 1439 619 in

92 638 218 678 fossis
251 639 409 688 autem,
445 637 489 677 in
523 636 676 689 quibus
710 650 780 676 eos
810 636 813 689 Ι
842 636 1023 690 posituri
1058 640 1195 690 erant,
1231 637 1436 677 sacrificio

91 696 204 736 facto
231 695 456 749 hostiaque
484 695 689 736 inmolata
716 697 842 748 atque
869 695 1040 736 incensa
1066 695 1230 736 facibus
1258 697 1437 737 ardenti—

91 755 181 807 bus,
208 755 250 794 in
270 755 383 796 fossa
405 754 594 808 cooperti
616 755 864 808 sanguinem
887 755 1163 806 instillabant,
1190 769 1323 809 eoque
1345 758 1439 796 tura

91 816 132 854 et
157 814 301 867 fruges
322 813 548 855 iactabant.
581 814 701 854 fauos
724 828 893 867 quoque
914 817 955 854 et
974 815 1120 854 uinum
1144 815 1321 868 aliaque,
1350 816 1437 867 qui-

90 873 167 913 bus
207 873 467 914 consuetudo
507 875 570 913 est
602 872 851 926 Terminffs]
888 886 1052 914 sacrum
1086 874 1193 921 fieri,
1234 874 1274 913 in
1312 875 1436 914 fossis

89 932 338 972 adiciebant.
375 933 723 986 consumptisque
749 933 846 986 igne
869 932 1065 973 omnibus
1093 932 1285 986 dapibus)
1313 948 1438 987 super

89 991 272 1032 calentes
307 990 311 1046 Ι
346 992 546 1045 reliquias
579 991 738 1044 lapides
776 991 1055 1032 conlocabant
1090 994 1216 1045 atque
1253 993 1311 1032 ita
1347 992 1436 1033 dili-

89 1050 206 1105 genti
240 1064 338 1091 cura
373 1051 690 1091 confirmabant.
739 1050 912 1091 adiectis
939 1051 1064 1091 etiam
1094 1051 1348 1104 quibusdam
1377 1067 1435 1092 sa-

87 1124 237 1150 xorum
254 1110 538 1164 fragminibus
557 1110 711 1150 circum
732 1110 961 1161 calcabant.
981 1124 1064 1163 quo
1083 1110 1245 1150 firmius
1264 1114 1433 1151 starent.

88 1170 171 1209 tale
186 1183 286 1224 ergo
302 1169 553 1210 sacrificium
570 1169 744 1221 domini,
756 1170 864 1209 inter
877 1183 982 1222 quos
997 1171 1101 1210 fines
1117 1169 1435 1223 dirimebantur,

86 1228 310 1269 faciebant.
347 1243 445 1269 nam
466 1228 563 1269 etsi
591 1227 595 1282 Ι
624 1228 668 1268 in
694 1228 914 1274 trifinium,
942 1228 983 1267 id
1010 1231 1073 1269 est
1099 1230 1142 1269 in
1169 1243 1263 1269 eum
1291 1230 1430 1270 locum

29 1304 43 1326 ε’
88 1302 209 1340 quem
246 1290 329 1328 tres
363 1301 625 1341 possessores
661 1287 998 1342 adstringebant7
1035 1288 1069 1328 si
1103 1287 1273 1328 termini
1308 1303 1433 1342 pone—

85 1349 249 1399 rentur,
289 1360 434 1387 omnes
470 1348 555 1386 tres
592 1361 756 1387 sacrum
792 1346 1022 1387 faciebant:
1059 1350 1248 1400 quotque
1282 1347 1354 1388 alii
1390 1348 1431 1387 in

86 1406 270 1446 confinio
297 1405 459 1446 domini
487 1409 622 1458 erant,
650 1419 794 1446 omnes
828 1420 877 1445 ex
904 1407 1202 1447 conuenientia
1228 1407 1431 1447 terminos

85 1464 300 1518 ponebant
331 1467 373 1505 et
405 1478 568 1505 sacrum
601 1464 834 1519 faciebant,
871 1465 1075 1506 terminos
1108 1468 1248 1506 autem
1282 1480 1431 1507 conuev

87 1524 243 1564 nientia
273 1538 565 1577 possessorum
599 1523 890 1565 confirmabat.
926 1526 928 1576 l
963 1539 1060 1564 nam
1098 1525 1141 1564 in
1176 1524 1428 1577 quibusdam

148 1659 205 1692 Eoe
230 1664 352 1690 lemn)
377 1657 441 1691 Bo.
462 1661 541 1700 402,
558 1662 600 1692 23
615 1670 663 1702 sq.
692 1658 866 1702 quaedam
894 1659 1069 1701 ezecewsit
1159 1665 1281 1692 18——24
1308 1671 1430 1693 secu»-

83 1705 169 1739 dum
193 1705 279 1740 haee
305 1704 441 1739 Comm.
463 1708 518 1746 68,
535 1709 673 1740 10-15
700 1706 898 1740 arbitrario
923 1707 1075 1747 conficta
1098 1711 1185 1740 sum

142 1837 155 1861 1
177 1828 253 1862 dixi
274 1832 299 1861 B
364 1837 381 1862 2
401 1829 640 1863 inueniantur
660 1833 685 1862 B
747 1837 765 1863 3
785 1831 880 1864 ratio
902 1832 958 1863 est
976 1832 1013 1873 B,
1033 1829 1128 1863 ratio
1148 1834 1173 1863 P
1235 1839 1251 1863 4
1274 1831 1369 1864 unde
1390 1834 1425 1867 Β,

83 1878 169 1909 sunt
193 1880 218 1909 P
321 1883 338 1909 5
365 1877 616 1911 inuenerimus
642 1881 667 1910 P
770 1885 787 1909 6
814 1879 933 1911 rectos
959 1888 1025 1912 om.
1046 1880 1071 1909 P
1173 1885 1187 1910 τ
1215 1878 1252 1910 in
1279 1889 1345 1912 om.
1366 1882 1390 1911 P

80 1923 239 1967 posituri
259 1926 296 1964 B,
318 1923 470 1957 defixuri
491 1926 593 1959 PLa.
618 1926 621 1968 Ι
645 1926 681 1958 et
701 1936 766 1959 om.
783 1929 807 1957 P
868 1931 952 1957 7-8
973 1924 1169 1969 unguende
1189 1928 1214 1957 B
1274 1932 1291 1957 8
1312 1936 1426 1968 quare

83 1970 259 2005 carbones
286 1970 354 2004 sub
379 1971 546 2005 torminis
573 1972 815 2006 inueniuntur
839 1983 962 2017 ‘maryo
989 1975 1013 2004 P
1103 1979 1122 2004 9
1147 1972 1185 2005 in
1212 1971 1364 2018 quibus]
1390 1972 1425 2005 in

81 2029 146 2052 om.
162 2017 263 2051 PLa.
288 2020 292 2061 Ι
314 2018 472 2062 posituri
488 2030 548 2052 eos
563 2023 588 2051 P
652 2025 689 2052 10
709 2019 888 2053 inmolata
902 2019 1023 2061 adque
1037 2019 1188 2053 incensa
1202 2022 1239 2061 Β,
1261 2019 1425 2053 inmacu-

81 2064 159 2099 lata
185 2075 292 2099 caesa
318 2069 344 2098 P
428 2073 460 2098 11
490 2067 551 2100 ‘av
581 2067 790 2110 cooperta?
815 2067 884 2101 La.
915 2067 918 2105 Ι
947 2066 1128 2110 sanguine
1155 2070 1180 2099 B
1209 2069 1212 2107 Ι
1241 2078 1357 2109 eoque
1384 2068 1424 2111 P]

81 2112 133 2146 eis
159 2112 224 2156 qui
250 2115 275 2145 B
354 2120 389 2146 12
416 2113 584 2156 aliasque
610 2116 635 2146 B
709 2121 745 2147 13
771 2114 808 2147 in
834 2113 935 2147 fossa
960 2117 985 2145 P
1059 2121 1093 2146 14
1121 2114 1291 2147 omnibus
1318 2114 1424 2157 dapi-

80 2159 148 2193 bus
174 2159 260 2204 igne
285 2164 310 2193 P
406 2167 441 2193 19
468 2161 503 2193 in
532 2161 668 2195 trifinio
695 2164 720 2193 B
818 2168 856 2194 20
883 2160 1122 2205 attingebant
1147 2165 1172 2193 P
1200 2164 1203 2204 Ι
1234 2161 1263 2194 si
1290 2164 1326 2199 Β,
1357 2174 1421 2195 om.

79 2207 185 2241 PLa.
282 2214 415 2240 20—21
442 2208 677 2251 ponebantur
702 2212 726 2240 P
828 2215 862 2241 *21
890 2208 1063 2250 quodque
1089 2210 1131 2248 Β,
1165 2208 1301 2251 quique
1327 2212 1352 2241 P

80 2260 204 2286 23—24
231 2255 426 2288 conuentia
454 2258 479 2287 B
559 2262 595 2288 24
624 2255 891 2289 confirmabant
917 2258 952 2288 Β.
993 2255 1161 2298 Sequitur
1188 2257 1224 2289 in
1252 2258 1278 2288 Β
1307 2259 1386 2293 101),
1406 2262 1420 2288 l

80 2312 149 2334 una
178 2311 215 2334 re
241 2306 302 2335 etc.

1469 642 1554 676 [3132

1464 996 1490 1029 Ρ
1504 1002 1550 1029 32¹'

1464 1233 1487 1264 Β
1503 1243 1550 1266 133
