1669 2545
205 89 286 130 130
362 90 389 123 P
707 89 857 124 SICVLI
884 89 1049 124 FLACCI
1400 89 1463 123 La.
1481 93 1547 124 165

202 197 260 238 eis
287 197 576 251 manentibus,
609 212 716 251 quos
747 197 981 240 Gracchani
1007 201 1081 238 aut
1109 197 1273 252 Syllani
1302 199 1547 251 posuerunt.

203 256 252 297 de
280 271 363 310 qua
387 272 433 298 re
460 257 686 312 diligenter
711 257 959 298 intuendum
988 257 1079 311 erit,
1106 261 1153 297 ut
1179 271 1250 298 eos
1276 256 1439 311 lapides
1462 270 1550 297 eos·

203 311 283 369 que
303 316 462 357 limites
483 316 903 370 comprehendamus,
929 317 1001 371 qui
1021 319 1238 370 postremo
1261 331 1338 370 per
1357 319 1549 357 auctores

203 375 427 415 diuisionis
453 375 585 428 positi
611 378 720 416 sunt.

262 434 484 475 Praeterea
523 448 617 474 cum
656 438 850 476 auctores
888 434 1190 489 assignationis
1230 433 1550 487 diuisionisque,

201 507 289 535 non
327 493 636 535 sufficientibus
675 494 788 548 agris
826 493 1105 544 coloniarum,
1151 508 1258 546 quos
1302 507 1353 534 ex
1396 492 1551 534 uicinis

202 552 431 594 territoriis
458 553 752 607 sumpsissent,
778 557 820 594 et
845 553 1172 608 assignauerunt
1198 552 1366 606 quidem
1393 551 1550 593 futuris

204 612 370 653 ciuibus
403 612 686 666 coloniarum,
725 613 797 653 sed
830 613 932 653 iuris
967 612 1096 653 dictio
1131 612 1189 652 eis
1223 611 1352 666 agris,
1391 610 1463 664 qui
1489 625 1552 652 as-

204 672 362 726 signati
389 674 505 724 sunt,
536 686 662 726 penes
691 686 762 713 eos
795 671 1014 724 remansit,
1048 686 1097 711 ex
1126 685 1306 724 quorum
1333 669 1551 712 territorio

202 731 362 784 sumpti
388 733 518 771 erant.
565 730 678 783 quod
710 731 835 785 ipsud
868 730 1094 785 diligenter
1126 730 1377 771 intuendum
1404 729 1485 770 erit
1510 731 1552 769 et

200 790 318 845 leges
343 789 642 843 respiciendae.

262 925 363 952 5—11
389 918 525 962 Hygin.
549 921 604 959 8⁶2,
620 921 758 951 24—28

262 1044 279 1070 5
301 1048 383 1070 cum
396 1038 490 1080 salso
504 1037 581 1071 secl.
595 1036 663 1070 La.
728 1042 746 1068 6
766 1034 1071 1079 qu0s=aliquos
1087 1036 1222 1080 (agros)
1286 1041 1300 1067 7
1323 1033 1550 1077 et=etiam‚

201 1085 280 1120 secl.
302 1084 370 1118 La.
470 1090 488 1117 S
515 1083 567 1117 eis
594 1083 694 1127 agris
720 1084 764 1125 cf.
791 1086 853 1124 83),
868 1085 913 1117 13
1009 1089 1027 1115 9
1053 1093 1165 1126 penes
1193 1081 1411 1126 Salmasius]
1437 1092 1502 1125 per
1526 1085 1552 1114 P

201 1139 236 1165 11
262 1130 481 1165 EXPLICIT
508 1130 708 1165 SAECVLI
733 1129 900 1165 FLACCI
926 1129 1068 1163 LIBER
1093 1134 1119 1162 P

1578 741 1611 766 10
