1669 2545
203 73 284 114 112
359 73 423 106 BP
703 71 1046 108 SICVLIFLACCI
1138 73 1542 114 La.147‚21—148,23

198 196 324 223 eausa
343 184 479 222 fossas
500 182 659 235 fecerit,
685 181 832 222 finales
858 194 947 221 esse
970 180 1203 221 uideantur.
1236 195 1334 221 nam
1355 183 1397 222 et
1423 180 1542 221 intel-

201 241 283 295 legi
321 243 462 294 potest
501 240 728 293 aliquando
766 255 815 281 ex
851 240 1037 293 ipsarum
1074 239 1282 281 fossarum
1319 239 1543 293 positione,

199 303 340 340 utrum
382 299 578 353 propriae
617 314 669 340 an
707 300 854 340 finales
893 299 996 352 sint,
1039 299 1239 352 quoniam
1279 302 1542 340 transuersae

200 359 404 413 quaedam
437 362 509 399 aut
543 358 739 412 obliquae
767 374 790 398 a
816 358 972 399 finibus
998 358 1208 399 recedunt.
1253 358 1312 398 ita
1338 360 1385 398 ut
1416 372 1543 412 supra

199 419 357 460 dietum
382 421 455 470 est,
476 433 525 457 ex
546 418 736 472 ipsorum
758 418 944 458 locorum
960 417 1211 458 necessitate
1228 419 1335 458 etex
1353 417 1541 471 ipsorum
1588 434 1602 457 5

198 477 412 531 positione
438 478 583 531 colligi
611 476 796 529 debebit,
824 491 930 530 quae
957 476 1043 516 sint
1070 476 1226 516 finales.
1269 475 1375 516 aliae
1402 479 1544 517 tamen

199 551 305 590 quae
332 535 479 577 finales
507 539 622 588 sunt,
656 550 750 577 cum
777 536 976 576 uidentur
1002 550 1091 576 esse
1117 549 1382 587 communes,
1414 535 1542 589 inspi-

199 595 395 637 ciendum
417 595 496 636 erit
516 610 569 635 an
589 596 649 635 ita
669 595 735 635 sit.
774 609 872 636 nam
894 595 1063 648 quidam
1091 594 1134 635 in
1161 594 1360 635 extremis
1386 594 1543 635 finibus

197 655 239 695 in
267 655 357 696 solo
385 669 461 695 suo
487 654 650 695 faciunt
676 654 812 695 fossas
839 657 881 695 et
909 668 960 694 ex
987 653 1278 707 superioribus
1306 652 1543 707 uieinisque

196 715 308 769 agris
348 714 579 754 defluentes
618 728 748 767 aquas
788 713 1021 766 excipiunt,
1059 727 1111 753 ne
1149 713 1368 753 inferiores
1406 715 1543 753 terrae
1571 730 1602 754 ιο

83 778 168 811 {5152
196 773 401 814 laborent.
439 773 499 813 ita
525 772 638 826 quod
667 773 670 826 Ι
700 773 744 813 in
771 772 860 814 solo
883 787 958 812 suo
981 771 1075 825 quis
1100 772 1259 826 feeerit,
1284 786 1370 812 non
1396 770 1543 812 statim

196 846 442 874 communes
461 832 533 872 sed
555 832 666 872 eirea
685 832 790 872 fines
818 846 907 871 esse
928 830 1196 871 uidebuntur.
1234 830 1542 884 respiciendum

194 891 331 945 (hoc)
365 905 534 945 quoque
567 891 656 931 erit.
704 905 802 931 nam
837 893 877 930 et
908 891 953 930 in
985 889 1079 930 aliis
1111 889 1315 931 lateribus
1348 889 1544 930 similiter

193 952 299 991 fines
327 950 678 991 obseruabuntur.
718 948 790 990 sed
817 951 860 989 et
884 948 1078 1003 proprias
1107 949 1179 1002 qui
1206 950 1369 989 faciunt
1394 949 1445 989 ad
1472 963 1542 989 ex-

194 1009 421 1063 pediendas
455 1023 604 1062 aquas,
642 1008 804 1062 aliquid
840 1007 920 1049 soli
957 1008 1023 1048 sui
1055 1010 1174 1048 extra
1210 1008 1370 1049 fossam
1405 1008 1542 1048 solent
1570 1025 1601 1049 ιε)

194 1069 442 1122 relinquere.
482 1067 710 1121 aliquando
738 1068 865 1108 etiam
890 1067 1094 1108 terminos
1114 1069 1234 1108 extra
1252 1066 1410 1107 fossam
1432 1067 1541 1120 posi-

194 1132 260 1169 tos
288 1129 547 1180 inuenimus7
580 1127 653 1180 qui
680 1129 720 1167 et
754 1127 865 1180 ipsas
898 1126 1034 1167 fossas
1061 1128 1103 1166 et
1134 1126 1214 1167 soli
1240 1125 1375 1166 relicti
1402 1130 1542 1179 partes

195 1188 422 1228 decernant
441 1187 562 1227 ouius
583 1185 745 1226 domini
766 1185 860 1227 sint.
898 1185 1069 1239 quidam
1091 1199 1190 1226 uero
1218 1186 1345 1225 etiam
1372 1185 1542 1225 arbores

195 1250 291 1287 ante
325 1245 474 1287 missas
506 1244 653 1286 finales
689 1247 809 1286 extra
839 1245 975 1286 fossas
1007 1244 1184 1299 habent,
1222 1248 1264 1285 et
1302 1245 1346 1285 in
1377 1247 1539 1285 contro

79 1311 167 1344 3153
195 1305 377 1347 uei-sian]
405 1319 529 1358 saepe
556 1305 832 1357 deducuntur,
860 1304 972 1357 quod
1000 1303 1194 1344 credatur
1218 1303 1353 1343 fossas
1382 1301 1386 1359 Ι
1416 1303 1539 1343 finem
1570 1322 1602 1343 κο
1647 1328 1648 1334 1

195 1366 332 1407 faeere
359 1364 519 1405 debere.
571 1366 745 1417 propter
775 1363 905 1417 quod,
939 1363 1047 1403 siout
1079 1363 1121 1403 in
1154 1362 1248 1403 aliis
1282 1362 1507 1416 generibus
1536 1362 1539 1417 l

53 1428 215 1472 Przssffiffll
243 1424 381 1465 finitio
397 1439 512 1478 num,
539 1424 599 1464 sie
626 1426 667 1463 et
694 1424 736 1463 in
762 1422 843 1463 hoe
864 1436 1034 1476 quoque
1055 1421 1382 1463 eonsuetudines
1406 1422 1543 1477 regio-

194 1498 294 1523 num
317 1483 542 1523 intuendae
564 1485 698 1523 erunt.
734 1482 922 1534 †etenim
944 1481 1042 1522 dum
1066 1481 1259 1521 terminis
1287 1482 1359 1520 aut
1385 1480 1541 1521 arbori-

196 1542 272 1583 bus
299 1543 404 1582 fines
432 1542 649 1582 obseruari
677 1540 938 1582 consuetudo
966 1540 1039 1594 sit⁷
1064 1554 1151 1581 non
1177 1542 1371 1593 oportere
1396 1540 1543 1594 fossas,

194 1616 301 1655 quae
333 1616 465 1655 prope
496 1602 602 1641 fines
629 1603 770 1645 erunt,
802 1599 948 1640 finales
981 1599 1215 1652 obseruarig
1248 1599 1281 1639 si
1315 1613 1416 1639 uero
1444 1598 1542 1639 sub·
1569 1616 1601 1640 25

195 1660 501 1701 structionibus
534 1663 576 1701 et
611 1660 804 1700 maceriis
839 1659 1042 1699 finientur
1074 1658 1182 1713 agri,
1221 1657 1364 1698 uidere
1396 1658 1541 1711 quales

256 1773 264 1797 ι
295 1765 412 1799 fossas
438 1768 475 1806 B⁷
503 1764 704 1808 aliquando
731 1768 756 1797 P
853 1770 937 1797 4—7
965 1773 986 1796 a
1013 1762 1145 1796 finibus
1168 1783 1208 1787 -—
1233 1783 1275 1786 —
1296 1764 1420 1796 tamen
1447 1773 1541 1805 quae

194 1817 229 1853 Ρ,
258 1824 321 1847 mm.
344 1815 369 1844 B
397 1814 493 1856 (post
518 1811 705 1855 obliquae)
803 1818 822 1844 ⁹
849 1822 891 1844 ex
917 1813 959 1851 Β,
994 1810 1038 1843 de
1064 1813 1090 1842 P
1185 1817 1220 1842 12
1247 1820 1478 1843 communem
1504 1812 1541 1849 Β,

195 1893 289 1917 e-ne
320 1887 345 1915 P
385 1886 390 1926 Ι
430 1882 621 1916 uidebitur
652 1886 676 1915 P
821 1888 953 1914 12-13
988 1881 1138 1923 addidi,-
1169 1857 1483 1924 qufflspiciendum
1517 1883 1542 1912 P

195 1934 290 1965 isser.
312 1930 367 1974 ΡΞ)
398 1931 401 1975 l
430 1941 516 1963 nam
543 1933 613 1970 ΒΡ,
640 1941 727 1963 num
757 1929 857 1964 Goes.
880 1929 948 1963 La.
1047 1935 1081 1961 14
1108 1927 1276 1972 proprias
1303 1927 1367 1970 qui
1392 1926 1445 1963 Ἰ.
1469 1930 1494 1960 P

195 1985 229 2010 ιε’)
250 1977 307 2011 sui
326 1982 362 2019 P,
384 1979 424 2011 ut
444 1981 469 2010 B
544 1984 579 2009 16
600 1979 703 2010 extra
724 1977 874 2020 fossam]
897 1976 1016 2010 solent
1034 1975 1240 2019 relinquere
1262 1976 1298 2008 et
1319 1976 1424 2008 extra
1442 1974 1541 2008 fossa

196 2025 347 2059 (fossam
375 2027 414 2068 G)
449 2036 508 2058 eos
535 2025 618 2058 add.
640 2029 665 2057 P
786 2030 907 2057 17—-18
940 2034 983 2057 ex
1016 2021 1084 2056 soli
1116 2021 1236 2056 relicti
1269 2022 1373 2066 parte
1407 2021 1539 2055 discer-

195 2075 285 2106 nant
311 2075 335 2104 P
428 2079 462 2104 19
489 2074 525 2105 et
552 2072 670 2115 (eae)
698 2072 734 2104 in
761 2072 850 2113 La„
875 2071 936 2105 secl
960 2070 1005 2112 cf.
1033 2082 1067 2103 u.
1090 2072 1231 2104 11—12
1321 2075 1355 2102 21
1383 2069 1480 2102 sieut
1505 2073 1540 2108 Ρ,

195 2120 229 2152 in
262 2119 327 2153 alii
360 2119 456 2152 sicut
488 2119 575 2163 quid
609 2122 634 2151 B
757 2125 794 2151 22
822 2117 939 2151 finitio
978 2121 1020 2150 B:
1047 2117 1104 2152 hic
1130 2117 1261 2151 desinit
1288 2116 1357 2150 Sic.
1379 2117 1541 2151 Flaccus

195 2169 233 2200 in
254 2170 279 2199 B
302 2168 478 2210 (sequitur
498 2169 556 2201 96.
573 2169 632 2205 14)
714 2172 752 2198 23
778 2165 914 2200 etenim
941 2165 981 2210 P]
1005 2165 1170 2206 ‘fortasse
1191 2166 1247 2197 est
1267 2163 1364 2198 enim
1384 2163 1537 2197 iustum’

197 2215 263 2248 La.
287 2215 347 2256 (ef.
370 2216 516 2256 115,4)‚
542 2226 589 2247 <m
613 2212 789 2259 <eluc>et
815 2212 936 2246 enim?
966 2215 970 2256 Ι
1000 2211 1036 2245 Si
1062 2210 1288 2245 consuetudo
1316 2213 1372 2245 est
1397 2209 1540 2256 regioni

194 2266 339 2306 tminib.
361 2271 482 2315 aliisq.
504 2272 620 2316 signis
648 2272 737 2305 fines
758 2271 960 2313 obseruari,
986 2282 1060 2304 non
1087 2270 1160 2304 cito
1187 2270 1308 2303 fossae
1334 2269 1456 2304 finalis
1476 2270 1539 2304 ob-

195 2320 332 2354 seruari
361 2319 493 2353 debere
520 2330 643 2364 nzaryo
669 2323 694 2351 P
